bid_price_1,bid_volume_1,ask_price_1,ask_volume_1,product,timestamp
151,0,149,0,bond1,0
81,1,78,1,bond2,0
122,0,119,0,bond3,0
144,5,136,5,bond4,0
350,21,349,18,ETF1,0
185,39,184,34,ETF2,0
151,2,148,1,bond1,100
80,0,79,0,bond2,100
121,0,120,0,bond3,100
144,8,136,8,bond4,100
352,32,351,29,ETF1,100
185,37,184,50,ETF2,100
150,0,147,0,bond1,200
81,0,80,0,bond2,200
121,1,118,1,bond3,200
145,3,135,3,bond4,200
350,20,349,17,ETF1,200
185,34,184,33,ETF2,200
152,0,150,0,bond1,300
82,2,79,1,bond2,300
120,1,119,1,bond3,300
144,8,136,8,bond4,300
349,33,348,32,ETF1,300
186,49,185,47,ETF2,300
151,0,150,0,bond1,400
81,2,80,2,bond2,400
120,0,117,0,bond3,400
143,1,139,1,bond4,400
351,37,350,27,ETF1,400
186,35,185,32,ETF2,400
151,2,148,2,bond1,500
81,0,79,0,bond2,500
120,0,118,0,bond3,500
144,5,136,5,bond4,500
352,36,351,32,ETF1,500
185,43,184,42,ETF2,500
150,1,147,1,bond1,600
82,0,79,0,bond2,600
119,1,118,0,bond3,600
143,5,135,5,bond4,600
353,30,352,34,ETF1,600
184,41,183,49,ETF2,600
151,0,148,0,bond1,700
82,2,80,1,bond2,700
119,0,118,0,bond3,700
144,10,134,10,bond4,700
353,12,352,17,ETF1,700
184,36,183,30,ETF2,700
149,1,147,1,bond1,800
82,0,79,0,bond2,800
119,2,118,1,bond3,800
142,10,134,10,bond4,800
354,29,353,35,ETF1,800
184,40,183,28,ETF2,800
148,1,147,1,bond1,900
83,2,80,2,bond2,900
118,0,117,0,bond3,900
144,7,134,7,bond4,900
354,16,353,21,ETF1,900
184,23,183,24,ETF2,900
149,1,145,1,bond1,1000
82,0,81,1,bond2,1000
120,0,117,0,bond3,1000
141,3,135,3,bond4,1000
353,40,352,38,ETF1,1000
183,31,182,39,ETF2,1000
147,2,146,2,bond1,1100
82,1,79,1,bond2,1100
120,1,118,1,bond3,1100
141,0,133,0,bond4,1100
354,37,353,35,ETF1,1100
183,35,182,46,ETF2,1100
149,1,146,1,bond1,1200
82,1,80,1,bond2,1200
121,0,118,0,bond3,1200
141,5,133,5,bond4,1200
353,55,352,37,ETF1,1200
183,39,182,43,ETF2,1200
147,1,144,2,bond1,1300
81,2,80,1,bond2,1300
120,0,119,0,bond3,1300
141,10,131,10,bond4,1300
353,14,352,19,ETF1,1300
182,23,181,18,ETF2,1300
149,1,146,0,bond1,1400
83,1,81,2,bond2,1400
121,1,119,2,bond3,1400
141,10,133,10,bond4,1400
353,51,352,41,ETF1,1400
182,17,181,15,ETF2,1400
149,0,145,0,bond1,1500
82,0,81,1,bond2,1500
122,0,119,0,bond3,1500
141,0,133,0,bond4,1500
354,21,353,20,ETF1,1500
182,39,181,46,ETF2,1500
150,1,146,2,bond1,1600
82,1,81,1,bond2,1600
122,0,120,0,bond3,1600
143,10,133,10,bond4,1600
356,18,355,20,ETF1,1600
184,19,183,14,ETF2,1600
148,1,145,2,bond1,1700
84,0,80,0,bond2,1700
122,0,118,1,bond3,1700
142,7,132,7,bond4,1700
354,31,353,33,ETF1,1700
182,41,181,36,ETF2,1700
147,0,144,0,bond1,1800
83,1,81,2,bond2,1800
122,2,118,2,bond3,1800
141,2,131,2,bond4,1800
353,31,352,31,ETF1,1800
182,21,181,19,ETF2,1800
147,0,145,1,bond1,1900
84,1,81,2,bond2,1900
121,0,119,0,bond3,1900
141,0,133,0,bond4,1900
353,14,352,16,ETF1,1900
182,22,181,27,ETF2,1900
147,0,146,0,bond1,2000
84,0,80,0,bond2,2000
122,1,121,1,bond3,2000
142,8,134,8,bond4,2000
352,31,351,38,ETF1,2000
183,33,182,45,ETF2,2000
147,2,145,1,bond1,2100
84,1,81,1,bond2,2100
122,0,121,0,bond3,2100
140,10,134,10,bond4,2100
353,22,352,19,ETF1,2100
183,24,182,25,ETF2,2100
148,2,145,2,bond1,2200
83,1,82,0,bond2,2200
121,2,118,1,bond3,2200
141,6,133,6,bond4,2200
352,30,351,24,ETF1,2200
183,33,182,44,ETF2,2200
147,0,145,1,bond1,2300
85,1,81,1,bond2,2300
122,0,120,0,bond3,2300
143,4,133,4,bond4,2300
351,16,350,15,ETF1,2300
183,36,182,35,ETF2,2300
148,2,146,2,bond1,2400
84,0,81,0,bond2,2400
123,1,119,1,bond3,2400
142,1,134,1,bond4,2400
349,51,348,48,ETF1,2400
184,18,183,14,ETF2,2400
147,0,145,0,bond1,2500
84,0,82,0,bond2,2500
121,1,119,1,bond3,2500
140,6,134,6,bond4,2500
349,14,348,14,ETF1,2500
183,43,182,39,ETF2,2500
147,2,146,1,bond1,2600
84,2,83,1,bond2,2600
123,1,120,1,bond3,2600
141,6,135,6,bond4,2600
348,18,347,18,ETF1,2600
184,56,183,56,ETF2,2600
149,1,148,1,bond1,2700
84,2,81,2,bond2,2700
123,0,122,0,bond3,2700
141,5,135,5,bond4,2700
348,19,347,24,ETF1,2700
184,32,183,35,ETF2,2700
147,2,146,2,bond1,2800
84,0,82,0,bond2,2800
124,0,122,0,bond3,2800
140,2,136,2,bond4,2800
347,33,346,41,ETF1,2800
184,17,183,19,ETF2,2800
149,1,145,0,bond1,2900
83,1,82,1,bond2,2900
124,0,123,0,bond3,2900
141,3,135,3,bond4,2900
347,24,346,22,ETF1,2900
184,21,183,24,ETF2,2900
149,0,145,1,bond1,3000
84,1,80,0,bond2,3000
126,0,125,0,bond3,3000
142,10,134,10,bond4,3000
347,39,346,29,ETF1,3000
184,42,183,48,ETF2,3000
149,0,146,0,bond1,3100
83,0,80,0,bond2,3100
125,0,124,1,bond3,3100
143,3,135,3,bond4,3100
347,19,346,19,ETF1,3100
184,27,183,36,ETF2,3100
151,0,148,0,bond1,3200
84,1,81,1,bond2,3200
127,1,123,0,bond3,3200
145,9,135,9,bond4,3200
349,44,348,48,ETF1,3200
185,31,184,38,ETF2,3200
151,0,147,0,bond1,3300
84,0,80,0,bond2,3300
127,0,123,0,bond3,3300
146,2,136,2,bond4,3300
346,32,345,32,ETF1,3300
186,17,185,22,ETF2,3300
149,0,146,0,bond1,3400
83,1,82,2,bond2,3400
124,0,122,0,bond3,3400
145,1,135,1,bond4,3400
346,17,345,13,ETF1,3400
185,31,184,44,ETF2,3400
149,2,147,1,bond1,3500
82,0,81,1,bond2,3500
124,1,122,1,bond3,3500
143,10,137,10,bond4,3500
347,34,346,29,ETF1,3500
185,27,184,26,ETF2,3500
151,1,148,1,bond1,3600
83,0,80,0,bond2,3600
123,0,122,0,bond3,3600
146,9,136,9,bond4,3600
348,37,347,31,ETF1,3600
187,34,186,32,ETF2,3600
150,0,147,0,bond1,3700
85,1,81,1,bond2,3700
125,0,121,0,bond3,3700
144,1,138,1,bond4,3700
349,47,348,52,ETF1,3700
186,27,185,22,ETF2,3700
150,1,149,2,bond1,3800
83,0,82,0,bond2,3800
123,2,120,1,bond3,3800
145,4,139,4,bond4,3800
350,18,349,22,ETF1,3800
187,40,186,45,ETF2,3800
151,1,150,1,bond1,3900
85,1,81,2,bond2,3900
124,0,121,1,bond3,3900
147,8,137,8,bond4,3900
352,30,351,42,ETF1,3900
188,35,187,33,ETF2,3900
152,1,150,1,bond1,4000
84,1,83,0,bond2,4000
122,0,121,1,bond3,4000
148,8,138,8,bond4,4000
352,25,351,20,ETF1,4000
188,50,187,48,ETF2,4000
152,1,150,2,bond1,4100
84,0,83,0,bond2,4100
124,1,122,1,bond3,4100
148,2,140,2,bond4,4100
352,23,351,26,ETF1,4100
189,42,188,42,ETF2,4100
155,0,151,0,bond1,4200
84,0,81,0,bond2,4200
123,1,120,0,bond3,4200
149,10,139,10,bond4,4200
352,49,351,49,ETF1,4200
190,42,189,53,ETF2,4200
153,0,152,0,bond1,4300
84,0,81,0,bond2,4300
124,1,120,1,bond3,4300
148,7,140,7,bond4,4300
351,17,350,13,ETF1,4300
189,44,188,42,ETF2,4300
156,0,153,0,bond1,4400
84,0,80,0,bond2,4400
122,1,119,2,bond3,4400
149,10,141,10,bond4,4400
352,28,351,24,ETF1,4400
190,15,189,19,ETF2,4400
155,0,152,0,bond1,4500
83,1,81,1,bond2,4500
122,1,120,1,bond3,4500
149,1,141,1,bond4,4500
352,32,351,46,ETF1,4500
190,25,189,32,ETF2,4500
156,1,153,0,bond1,4600
83,2,82,2,bond2,4600
122,0,120,0,bond3,4600
151,1,141,1,bond4,4600
353,29,352,25,ETF1,4600
191,41,190,46,ETF2,4600
158,0,155,0,bond1,4700
83,1,82,1,bond2,4700
121,1,120,0,bond3,4700
151,8,143,8,bond4,4700
355,16,354,14,ETF1,4700
192,26,191,21,ETF2,4700
157,0,154,1,bond1,4800
83,0,80,0,bond2,4800
123,2,119,1,bond3,4800
151,3,141,3,bond4,4800
355,16,354,17,ETF1,4800
191,23,190,25,ETF2,4800
156,0,152,0,bond1,4900
83,0,81,0,bond2,4900
123,0,122,1,bond3,4900
148,8,142,8,bond4,4900
354,29,353,23,ETF1,4900
190,36,189,35,ETF2,4900
155,1,153,1,bond1,5000
83,0,80,0,bond2,5000
123,0,121,0,bond3,5000
147,4,141,4,bond4,5000
356,23,355,20,ETF1,5000
190,25,189,21,ETF2,5000
155,0,153,0,bond1,5100
83,1,82,1,bond2,5100
124,2,121,1,bond3,5100
148,1,140,1,bond4,5100
355,37,354,37,ETF1,5100
190,38,189,38,ETF2,5100
156,0,153,0,bond1,5200
84,1,83,2,bond2,5200
123,1,122,0,bond3,5200
147,0,141,0,bond4,5200
357,24,356,21,ETF1,5200
191,51,190,44,ETF2,5200
157,0,156,0,bond1,5300
85,0,81,0,bond2,5300
123,0,122,0,bond3,5300
151,2,141,2,bond4,5300
358,17,357,12,ETF1,5300
193,19,192,21,ETF2,5300
158,0,154,0,bond1,5400
86,1,82,1,bond2,5400
123,1,122,1,bond3,5400
150,9,142,9,bond4,5400
356,20,355,19,ETF1,5400
193,31,192,40,ETF2,5400
159,0,156,0,bond1,5500
85,0,83,0,bond2,5500
123,0,122,0,bond3,5500
151,1,143,1,bond4,5500
355,37,354,38,ETF1,5500
194,19,193,14,ETF2,5500
158,1,155,2,bond1,5600
86,0,83,0,bond2,5600
123,0,121,0,bond3,5600
152,0,142,0,bond4,5600
356,27,355,21,ETF1,5600
194,49,193,48,ETF2,5600
158,0,157,0,bond1,5700
85,0,82,0,bond2,5700
124,0,121,1,bond3,5700
149,7,145,7,bond4,5700
356,41,355,33,ETF1,5700
194,40,193,42,ETF2,5700
159,2,155,2,bond1,5800
84,1,83,1,bond2,5800
123,1,120,1,bond3,5800
151,0,145,0,bond4,5800
356,23,355,32,ETF1,5800
194,34,193,34,ETF2,5800
158,1,157,0,bond1,5900
85,1,81,2,bond2,5900
122,0,119,0,bond3,5900
151,3,145,3,bond4,5900
356,38,355,46,ETF1,5900
194,21,193,16,ETF2,5900
159,0,155,0,bond1,6000
84,0,81,0,bond2,6000
123,0,121,0,bond3,6000
151,3,145,3,bond4,6000
356,34,355,32,ETF1,6000
194,21,193,21,ETF2,6000
158,2,156,2,bond1,6100
84,1,83,2,bond2,6100
123,1,122,2,bond3,6100
152,3,142,3,bond4,6100
355,23,354,22,ETF1,6100
194,52,193,48,ETF2,6100
157,0,156,0,bond1,6200
84,0,83,0,bond2,6200
123,0,122,0,bond3,6200
152,0,144,0,bond4,6200
357,22,356,24,ETF1,6200
193,31,192,26,ETF2,6200
156,0,153,0,bond1,6300
85,0,81,0,bond2,6300
122,0,119,0,bond3,6300
151,1,143,1,bond4,6300
358,27,357,27,ETF1,6300
192,27,191,24,ETF2,6300
155,2,154,2,bond1,6400
84,2,83,2,bond2,6400
121,2,120,2,bond3,6400
150,10,144,10,bond4,6400
357,42,356,37,ETF1,6400
193,50,192,46,ETF2,6400
157,1,153,2,bond1,6500
85,1,82,0,bond2,6500
122,1,121,1,bond3,6500
149,0,143,0,bond4,6500
357,33,356,30,ETF1,6500
193,30,192,40,ETF2,6500
155,1,154,1,bond1,6600
84,1,83,2,bond2,6600
122,0,121,0,bond3,6600
149,1,143,1,bond4,6600
358,37,357,35,ETF1,6600
193,37,192,34,ETF2,6600
158,1,154,1,bond1,6700
85,0,82,0,bond2,6700
122,0,119,0,bond3,6700
149,8,143,8,bond4,6700
358,31,357,29,ETF1,6700
192,31,191,33,ETF2,6700
157,2,153,1,bond1,6800
84,0,83,0,bond2,6800
121,0,120,0,bond3,6800
151,6,141,6,bond4,6800
357,28,356,24,ETF1,6800
192,35,191,36,ETF2,6800
158,2,154,2,bond1,6900
85,1,81,0,bond2,6900
122,0,120,0,bond3,6900
149,8,143,8,bond4,6900
358,29,357,35,ETF1,6900
193,37,192,46,ETF2,6900
159,1,155,1,bond1,7000
85,0,81,0,bond2,7000
123,0,119,0,bond3,7000
150,1,144,1,bond4,7000
357,40,356,40,ETF1,7000
194,44,193,46,ETF2,7000
160,2,156,1,bond1,7100
83,1,82,2,bond2,7100
122,0,120,0,bond3,7100
153,10,143,10,bond4,7100
355,34,354,36,ETF1,7100
194,28,193,34,ETF2,7100
159,0,155,1,bond1,7200
83,0,82,0,bond2,7200
123,1,119,1,bond3,7200
150,5,144,5,bond4,7200
356,54,355,38,ETF1,7200
194,42,193,50,ETF2,7200
157,1,155,0,bond1,7300
85,1,81,1,bond2,7300
123,0,121,0,bond3,7300
152,7,142,7,bond4,7300
356,35,355,39,ETF1,7300
193,23,192,25,ETF2,7300
158,0,154,0,bond1,7400
86,1,83,2,bond2,7400
123,1,121,1,bond3,7400
151,10,143,10,bond4,7400
356,17,355,18,ETF1,7400
194,49,193,50,ETF2,7400
157,2,155,1,bond1,7500
85,0,83,0,bond2,7500
123,2,121,2,bond3,7500
151,7,143,7,bond4,7500
357,23,356,25,ETF1,7500
193,34,192,31,ETF2,7500
158,1,157,0,bond1,7600
86,0,83,0,bond2,7600
123,1,122,1,bond3,7600
150,9,144,9,bond4,7600
356,21,355,15,ETF1,7600
194,26,193,26,ETF2,7600
159,1,155,2,bond1,7700
85,0,81,0,bond2,7700
126,2,123,1,bond3,7700
152,10,142,10,bond4,7700
356,40,355,39,ETF1,7700
193,37,192,45,ETF2,7700
158,2,156,1,bond1,7800
85,2,81,2,bond2,7800
124,0,123,0,bond3,7800
153,2,143,2,bond4,7800
358,32,357,36,ETF1,7800
194,17,193,24,ETF2,7800
158,0,157,1,bond1,7900
85,1,81,2,bond2,7900
124,0,123,0,bond3,7900
153,2,143,2,bond4,7900
358,25,357,26,ETF1,7900
194,19,193,22,ETF2,7900
158,1,154,0,bond1,8000
85,0,81,1,bond2,8000
125,1,123,1,bond3,8000
150,3,142,3,bond4,8000
357,19,356,18,ETF1,8000
192,50,191,45,ETF2,8000
154,1,151,2,bond1,8100
82,0,81,0,bond2,8100
124,0,121,1,bond3,8100
149,7,139,7,bond4,8100
359,30,358,35,ETF1,8100
190,40,189,33,ETF2,8100
155,2,153,2,bond1,8200
84,0,82,0,bond2,8200
124,1,121,1,bond3,8200
144,8,136,8,bond4,8200
359,21,358,22,ETF1,8200
188,30,187,30,ETF2,8200
155,2,152,1,bond1,8300
84,1,81,2,bond2,8300
125,1,121,2,bond3,8300
145,5,137,5,bond4,8300
358,15,357,14,ETF1,8300
189,49,188,43,ETF2,8300
153,1,152,0,bond1,8400
86,0,82,0,bond2,8400
122,0,121,1,bond3,8400
144,2,136,2,bond4,8400
357,29,356,31,ETF1,8400
188,45,187,47,ETF2,8400
156,1,152,2,bond1,8500
86,0,83,0,bond2,8500
121,1,119,0,bond3,8500
146,1,136,1,bond4,8500
357,39,356,40,ETF1,8500
190,38,189,34,ETF2,8500
154,0,153,0,bond1,8600
84,2,83,1,bond2,8600
122,1,119,2,bond3,8600
144,5,138,5,bond4,8600
356,47,355,53,ETF1,8600
190,45,189,49,ETF2,8600
156,2,154,1,bond1,8700
85,0,81,1,bond2,8700
121,0,119,0,bond3,8700
146,3,138,3,bond4,8700
355,46,354,45,ETF1,8700
190,39,189,42,ETF2,8700
155,0,153,0,bond1,8800
85,1,82,2,bond2,8800
123,0,121,0,bond3,8800
144,10,138,10,bond4,8800
356,37,355,41,ETF1,8800
189,30,188,30,ETF2,8800
156,0,155,0,bond1,8900
84,1,81,0,bond2,8900
122,0,118,0,bond3,8900
147,1,139,1,bond4,8900
356,13,355,15,ETF1,8900
190,44,189,46,ETF2,8900
156,0,152,0,bond1,9000
84,0,81,0,bond2,9000
122,1,121,1,bond3,9000
146,8,138,8,bond4,9000
355,32,354,34,ETF1,9000
189,34,188,39,ETF2,9000
155,0,152,0,bond1,9100
84,0,82,0,bond2,9100
122,2,120,1,bond3,9100
148,1,138,1,bond4,9100
357,33,356,30,ETF1,9100
190,25,189,19,ETF2,9100
154,1,153,2,bond1,9200
84,1,82,1,bond2,9200
123,1,121,1,bond3,9200
146,3,138,3,bond4,9200
355,42,354,35,ETF1,9200
190,37,189,34,ETF2,9200
156,0,154,0,bond1,9300
85,1,82,1,bond2,9300
122,0,120,0,bond3,9300
149,5,139,5,bond4,9300
355,44,354,51,ETF1,9300
191,21,190,23,ETF2,9300
155,0,153,0,bond1,9400
85,0,81,0,bond2,9400
120,2,119,1,bond3,9400
145,1,141,1,bond4,9400
355,21,354,24,ETF1,9400
190,28,189,33,ETF2,9400
157,1,154,0,bond1,9500
84,2,82,1,bond2,9500
120,2,119,2,bond3,9500
148,1,140,1,bond4,9500
356,38,355,30,ETF1,9500
191,32,190,24,ETF2,9500
156,0,152,1,bond1,9600
84,1,80,2,bond2,9600
123,1,119,1,bond3,9600
148,2,138,2,bond4,9600
357,25,356,30,ETF1,9600
190,20,189,19,ETF2,9600
154,1,153,0,bond1,9700
84,1,82,2,bond2,9700
122,0,121,0,bond3,9700
147,6,139,6,bond4,9700
357,44,356,36,ETF1,9700
190,33,189,37,ETF2,9700
155,1,154,1,bond1,9800
85,0,82,0,bond2,9800
122,1,120,2,bond3,9800
147,9,139,9,bond4,9800
358,20,357,17,ETF1,9800
191,35,190,42,ETF2,9800
154,1,153,2,bond1,9900
85,0,81,0,bond2,9900
124,0,120,0,bond3,9900
147,9,139,9,bond4,9900
359,23,358,25,ETF1,9900
190,18,189,18,ETF2,9900
156,0,154,0,bond1,10000
83,1,82,1,bond2,10000
124,0,122,0,bond3,10000
145,10,139,10,bond4,10000
360,30,359,29,ETF1,10000
190,23,189,20,ETF2,10000
158,1,154,1,bond1,10100
84,1,81,0,bond2,10100
125,1,121,2,bond3,10100
147,10,139,10,bond4,10100
359,50,358,41,ETF1,10100
191,46,190,44,ETF2,10100
155,2,152,2,bond1,10200
85,1,81,2,bond2,10200
124,1,122,1,bond3,10200
147,4,137,4,bond4,10200
359,40,358,41,ETF1,10200
189,33,188,44,ETF2,10200
156,0,152,0,bond1,10300
84,0,81,0,bond2,10300
123,1,121,0,bond3,10300
143,10,139,10,bond4,10300
357,24,356,23,ETF1,10300
188,29,187,25,ETF2,10300
157,0,153,1,bond1,10400
84,2,81,1,bond2,10400
123,0,121,0,bond3,10400
146,5,138,5,bond4,10400
359,32,358,24,ETF1,10400
190,44,189,45,ETF2,10400
157,0,153,1,bond1,10500
85,1,81,1,bond2,10500
122,1,121,0,bond3,10500
145,0,139,0,bond4,10500
358,47,357,51,ETF1,10500
190,38,189,45,ETF2,10500
156,1,155,1,bond1,10600
84,1,83,1,bond2,10600
122,0,119,1,bond3,10600
146,6,138,6,bond4,10600
361,16,360,19,ETF1,10600
190,21,189,20,ETF2,10600
155,1,154,0,bond1,10700
85,0,81,0,bond2,10700
122,2,118,2,bond3,10700
147,9,137,9,bond4,10700
362,31,361,32,ETF1,10700
190,37,189,39,ETF2,10700
155,1,154,1,bond1,10800
85,0,81,1,bond2,10800
120,2,118,1,bond3,10800
146,6,136,6,bond4,10800
358,22,357,18,ETF1,10800
189,25,188,19,ETF2,10800
156,2,153,1,bond1,10900
84,1,81,1,bond2,10900
121,1,117,0,bond3,10900
146,5,136,5,bond4,10900
358,24,357,31,ETF1,10900
189,30,188,34,ETF2,10900
156,0,155,0,bond1,11000
84,0,83,0,bond2,11000
121,1,117,1,bond3,11000
145,5,139,5,bond4,11000
358,21,357,25,ETF1,11000
190,30,189,24,ETF2,11000
158,0,155,0,bond1,11100
85,0,82,0,bond2,11100
120,0,119,0,bond3,11100
146,2,138,2,bond4,11100
358,31,357,41,ETF1,11100
190,46,189,47,ETF2,11100
157,2,154,2,bond1,11200
85,0,81,0,bond2,11200
120,0,117,0,bond3,11200
147,4,137,4,bond4,11200
360,54,359,57,ETF1,11200
190,15,189,15,ETF2,11200
158,0,155,0,bond1,11300
85,1,81,1,bond2,11300
121,2,118,2,bond3,11300
147,10,139,10,bond4,11300
358,21,357,22,ETF1,11300
192,28,191,28,ETF2,11300
158,0,157,0,bond1,11400
83,0,82,0,bond2,11400
122,2,118,2,bond3,11400
147,3,139,3,bond4,11400
358,19,357,18,ETF1,11400
191,30,190,33,ETF2,11400
158,1,157,1,bond1,11500
84,2,83,1,bond2,11500
120,2,118,1,bond3,11500
148,8,138,8,bond4,11500
356,32,355,37,ETF1,11500
192,21,191,19,ETF2,11500
159,0,155,1,bond1,11600
82,0,81,1,bond2,11600
121,0,117,0,bond3,11600
147,9,139,9,bond4,11600
357,41,356,40,ETF1,11600
191,33,190,29,ETF2,11600
158,0,156,1,bond1,11700
81,0,80,0,bond2,11700
121,1,118,0,bond3,11700
146,0,140,0,bond4,11700
355,26,354,27,ETF1,11700
191,38,190,37,ETF2,11700
158,0,156,0,bond1,11800
82,2,81,1,bond2,11800
121,0,119,0,bond3,11800
146,6,140,6,bond4,11800
357,49,356,35,ETF1,11800
190,19,189,18,ETF2,11800
160,1,156,0,bond1,11900
82,0,79,0,bond2,11900
121,1,119,1,bond3,11900
148,5,140,5,bond4,11900
357,34,356,39,ETF1,11900
191,49,190,36,ETF2,11900
158,0,157,0,bond1,12000
83,1,80,2,bond2,12000
119,0,118,0,bond3,12000
146,1,140,1,bond4,12000
359,48,358,42,ETF1,12000
191,29,190,25,ETF2,12000
159,2,155,1,bond1,12100
82,1,81,0,bond2,12100
120,1,117,0,bond3,12100
147,5,139,5,bond4,12100
358,24,357,24,ETF1,12100
190,14,189,14,ETF2,12100
158,0,154,1,bond1,12200
81,0,79,0,bond2,12200
120,0,119,0,bond3,12200
146,9,138,9,bond4,12200
358,29,357,39,ETF1,12200
189,50,188,39,ETF2,12200
157,0,154,1,bond1,12300
81,2,79,2,bond2,12300
121,2,118,2,bond3,12300
146,8,136,8,bond4,12300
358,42,357,40,ETF1,12300
189,16,188,16,ETF2,12300
157,1,155,1,bond1,12400
82,0,78,0,bond2,12400
121,2,118,2,bond3,12400
146,4,136,4,bond4,12400
358,16,357,15,ETF1,12400
188,42,187,36,ETF2,12400
158,1,155,1,bond1,12500
82,1,79,1,bond2,12500
121,0,117,0,bond3,12500
145,7,137,7,bond4,12500
359,17,358,18,ETF1,12500
189,15,188,14,ETF2,12500
158,0,157,0,bond1,12600
82,0,80,1,bond2,12600
121,0,117,0,bond3,12600
145,1,141,1,bond4,12600
358,53,357,41,ETF1,12600
190,41,189,44,ETF2,12600
158,1,156,1,bond1,12700
81,1,78,0,bond2,12700
120,2,118,2,bond3,12700
148,6,138,6,bond4,12700
360,16,359,19,ETF1,12700
190,32,189,34,ETF2,12700
158,0,157,0,bond1,12800
81,1,80,1,bond2,12800
120,2,116,2,bond3,12800
148,5,138,5,bond4,12800
358,36,357,36,ETF1,12800
190,33,189,36,ETF2,12800
160,2,156,2,bond1,12900
82,0,78,0,bond2,12900
119,0,118,1,bond3,12900
149,1,139,1,bond4,12900
359,20,358,19,ETF1,12900
191,35,190,45,ETF2,12900
158,1,155,0,bond1,13000
81,1,79,2,bond2,13000
119,1,116,1,bond3,13000
148,8,140,8,bond4,13000
360,21,359,24,ETF1,13000
191,38,190,35,ETF2,13000
159,1,155,1,bond1,13100
81,0,79,0,bond2,13100
121,1,117,1,bond3,13100
146,1,142,1,bond4,13100
361,17,360,18,ETF1,13100
191,16,190,13,ETF2,13100
158,1,155,1,bond1,13200
80,0,79,0,bond2,13200
118,0,117,0,bond3,13200
148,10,140,10,bond4,13200
362,20,361,21,ETF1,13200
190,34,189,44,ETF2,13200
159,0,156,0,bond1,13300
80,1,79,0,bond2,13300
119,0,117,1,bond3,13300
146,2,140,2,bond4,13300
360,15,359,17,ETF1,13300
190,26,189,28,ETF2,13300
158,0,157,0,bond1,13400
79,0,78,0,bond2,13400
119,1,117,1,bond3,13400
148,2,140,2,bond4,13400
362,19,361,18,ETF1,13400
190,26,189,25,ETF2,13400
160,1,157,1,bond1,13500
81,1,79,0,bond2,13500
119,0,116,0,bond3,13500
148,0,140,0,bond4,13500
362,22,361,24,ETF1,13500
190,32,189,26,ETF2,13500
159,0,158,0,bond1,13600
81,0,77,1,bond2,13600
118,0,116,0,bond3,13600
148,9,140,9,bond4,13600
362,34,361,25,ETF1,13600
191,31,190,40,ETF2,13600
160,0,159,1,bond1,13700
82,1,79,1,bond2,13700
118,0,116,0,bond3,13700
148,1,140,1,bond4,13700
361,44,360,41,ETF1,13700
192,32,191,34,ETF2,13700
159,1,157,2,bond1,13800
82,2,79,1,bond2,13800
119,0,117,0,bond3,13800
148,4,140,4,bond4,13800
361,47,360,39,ETF1,13800
191,35,190,38,ETF2,13800
160,2,159,2,bond1,13900
82,1,81,2,bond2,13900
119,1,117,1,bond3,13900
149,7,141,7,bond4,13900
363,39,362,30,ETF1,13900
193,22,192,16,ETF2,13900
160,0,159,0,bond1,14000
83,2,79,2,bond2,14000
119,0,118,0,bond3,14000
149,9,141,9,bond4,14000
363,48,362,44,ETF1,14000
192,17,191,21,ETF2,14000
160,0,156,0,bond1,14100
83,0,79,0,bond2,14100
119,2,117,2,bond3,14100
149,7,143,7,bond4,14100
363,18,362,19,ETF1,14100
193,26,192,27,ETF2,14100
158,1,157,1,bond1,14200
82,1,79,1,bond2,14200
119,0,115,0,bond3,14200
148,8,140,8,bond4,14200
360,39,359,41,ETF1,14200
191,39,190,45,ETF2,14200
158,0,157,0,bond1,14300
82,2,81,2,bond2,14300
120,2,117,2,bond3,14300
149,6,141,6,bond4,14300
359,39,358,31,ETF1,14300
192,29,191,32,ETF2,14300
161,0,157,0,bond1,14400
82,1,79,1,bond2,14400
122,0,118,0,bond3,14400
148,6,142,6,bond4,14400
359,18,358,17,ETF1,14400
193,34,192,47,ETF2,14400
159,0,157,0,bond1,14500
83,0,81,0,bond2,14500
121,0,120,0,bond3,14500
150,10,140,10,bond4,14500
358,39,357,28,ETF1,14500
192,50,191,38,ETF2,14500
158,1,157,1,bond1,14600
82,0,80,1,bond2,14600
120,0,118,0,bond3,14600
149,9,141,9,bond4,14600
359,27,358,32,ETF1,14600
192,36,191,27,ETF2,14600
159,2,158,2,bond1,14700
83,2,79,2,bond2,14700
118,0,117,0,bond3,14700
148,2,140,2,bond4,14700
359,33,358,22,ETF1,14700
192,34,191,33,ETF2,14700
160,0,157,0,bond1,14800
83,0,80,1,bond2,14800
119,0,117,0,bond3,14800
147,6,141,6,bond4,14800
360,34,359,25,ETF1,14800
192,46,191,44,ETF2,14800
159,0,155,0,bond1,14900
82,1,81,2,bond2,14900
119,0,116,0,bond3,14900
146,6,140,6,bond4,14900
359,29,358,22,ETF1,14900
191,27,190,30,ETF2,14900
157,2,154,1,bond1,15000
82,0,81,0,bond2,15000
118,1,117,1,bond3,15000
146,3,140,3,bond4,15000
359,16,358,16,ETF1,15000
190,37,189,38,ETF2,15000
158,1,156,0,bond1,15100
83,0,81,0,bond2,15100
118,0,116,0,bond3,15100
148,10,140,10,bond4,15100
359,41,358,40,ETF1,15100
191,33,190,44,ETF2,15100
158,1,154,2,bond1,15200
85,0,82,0,bond2,15200
118,2,115,2,bond3,15200
149,4,139,4,bond4,15200
358,33,357,41,ETF1,15200
192,42,191,44,ETF2,15200
158,1,154,2,bond1,15300
83,0,82,0,bond2,15300
119,1,118,1,bond3,15300
148,9,138,9,bond4,15300
358,20,357,18,ETF1,15300
191,24,190,27,ETF2,15300
156,0,155,0,bond1,15400
83,0,82,1,bond2,15400
118,2,117,1,bond3,15400
148,9,140,9,bond4,15400
359,37,358,49,ETF1,15400
191,23,190,28,ETF2,15400
159,2,157,2,bond1,15500
85,0,82,0,bond2,15500
119,1,115,1,bond3,15500
148,2,142,2,bond4,15500
360,25,359,31,ETF1,15500
193,45,192,40,ETF2,15500
159,2,157,1,bond1,15600
85,0,82,0,bond2,15600
118,2,116,2,bond3,15600
149,9,141,9,bond4,15600
359,39,358,52,ETF1,15600
194,21,193,20,ETF2,15600
158,0,156,0,bond1,15700
86,1,83,1,bond2,15700
117,1,116,1,bond3,15700
149,9,141,9,bond4,15700
360,38,359,33,ETF1,15700
193,49,192,38,ETF2,15700
159,1,156,1,bond1,15800
85,0,83,0,bond2,15800
117,2,116,2,bond3,15800
150,10,140,10,bond4,15800
360,16,359,17,ETF1,15800
193,38,192,37,ETF2,15800
158,2,154,1,bond1,15900
84,0,83,0,bond2,15900
118,0,114,0,bond3,15900
147,10,141,10,bond4,15900
360,50,359,50,ETF1,15900
192,23,191,32,ETF2,15900
157,2,156,2,bond1,16000
86,0,83,0,bond2,16000
117,2,114,1,bond3,16000
147,5,141,5,bond4,16000
360,50,359,41,ETF1,16000
192,22,191,16,ETF2,16000
157,2,155,1,bond1,16100
85,0,84,0,bond2,16100
117,1,114,1,bond3,16100
147,3,139,3,bond4,16100
359,48,358,39,ETF1,16100
192,40,191,52,ETF2,16100
158,2,155,2,bond1,16200
86,1,85,0,bond2,16200
117,1,115,2,bond3,16200
147,7,141,7,bond4,16200
360,20,359,27,ETF1,16200
192,25,191,24,ETF2,16200
158,1,154,2,bond1,16300
87,2,83,2,bond2,16300
116,1,115,2,bond3,16300
147,3,139,3,bond4,16300
360,14,359,17,ETF1,16300
192,29,191,27,ETF2,16300
156,1,153,1,bond1,16400
86,1,84,0,bond2,16400
116,0,113,0,bond3,16400
147,3,137,3,bond4,16400
360,26,359,25,ETF1,16400
191,24,190,32,ETF2,16400
157,0,153,1,bond1,16500
88,0,84,0,bond2,16500
116,0,114,0,bond3,16500
148,1,138,1,bond4,16500
359,32,358,34,ETF1,16500
192,40,191,45,ETF2,16500
157,0,153,0,bond1,16600
86,0,83,0,bond2,16600
116,2,113,2,bond3,16600
146,0,138,0,bond4,16600
359,29,358,32,ETF1,16600
191,48,190,48,ETF2,16600
156,2,154,2,bond1,16700
87,0,85,0,bond2,16700
117,1,114,0,bond3,16700
145,5,139,5,bond4,16700
357,19,356,17,ETF1,16700
192,24,191,22,ETF2,16700
155,0,154,0,bond1,16800
86,2,84,2,bond2,16800
116,1,113,2,bond3,16800
145,7,139,7,bond4,16800
355,55,354,53,ETF1,16800
191,47,190,48,ETF2,16800
156,0,154,0,bond1,16900
86,0,84,0,bond2,16900
118,0,114,0,bond3,16900
144,10,140,10,bond4,16900
356,35,355,25,ETF1,16900
191,38,190,38,ETF2,16900
156,0,153,0,bond1,17000
87,0,83,1,bond2,17000
117,1,113,1,bond3,17000
145,2,139,2,bond4,17000
358,44,357,41,ETF1,17000
191,37,190,31,ETF2,17000
156,0,153,0,bond1,17100
87,0,85,1,bond2,17100
116,1,115,1,bond3,17100
147,9,137,9,bond4,17100
358,17,357,19,ETF1,17100
191,17,190,16,ETF2,17100
156,1,154,0,bond1,17200
87,2,85,2,bond2,17200
117,1,114,1,bond3,17200
146,6,140,6,bond4,17200
358,15,357,13,ETF1,17200
192,27,191,20,ETF2,17200
159,1,155,1,bond1,17300
87,0,85,0,bond2,17300
115,0,113,0,bond3,17300
148,0,140,0,bond4,17300
358,39,357,38,ETF1,17300
193,31,192,38,ETF2,17300
159,0,157,0,bond1,17400
88,2,84,1,bond2,17400
115,1,114,0,bond3,17400
148,5,142,5,bond4,17400
357,43,356,40,ETF1,17400
195,20,194,20,ETF2,17400
160,2,158,2,bond1,17500
87,0,84,1,bond2,17500
116,0,112,0,bond3,17500
150,8,142,8,bond4,17500
357,15,356,16,ETF1,17500
195,35,194,38,ETF2,17500
160,0,159,0,bond1,17600
87,1,86,0,bond2,17600
116,1,115,0,bond3,17600
150,8,144,8,bond4,17600
358,37,357,28,ETF1,17600
196,23,195,27,ETF2,17600
162,2,158,2,bond1,17700
88,1,87,0,bond2,17700
117,0,113,0,bond3,17700
150,4,142,4,bond4,17700
357,43,356,42,ETF1,17700
196,18,195,21,ETF2,17700
162,0,158,0,bond1,17800
86,0,85,0,bond2,17800
116,0,115,0,bond3,17800
151,6,141,6,bond4,17800
357,24,356,22,ETF1,17800
196,27,195,26,ETF2,17800
161,1,158,0,bond1,17900
86,0,85,0,bond2,17900
116,0,114,0,bond3,17900
150,9,142,9,bond4,17900
358,14,357,17,ETF1,17900
196,29,195,32,ETF2,17900
162,0,158,0,bond1,18000
89,1,85,1,bond2,18000
116,2,112,2,bond3,18000
150,2,142,2,bond4,18000
357,20,356,21,ETF1,18000
197,15,196,18,ETF2,18000
161,1,159,0,bond1,18100
89,1,85,1,bond2,18100
116,0,112,1,bond3,18100
152,6,144,6,bond4,18100
358,52,357,49,ETF1,18100
197,27,196,38,ETF2,18100
162,2,159,1,bond1,18200
88,2,87,1,bond2,18200
114,0,113,0,bond3,18200
152,8,144,8,bond4,18200
358,36,357,31,ETF1,18200
198,15,197,13,ETF2,18200
163,0,162,0,bond1,18300
89,0,86,0,bond2,18300
115,0,113,0,bond3,18300
152,10,144,10,bond4,18300
357,25,356,36,ETF1,18300
199,31,198,27,ETF2,18300
161,0,157,0,bond1,18400
90,0,87,0,bond2,18400
115,1,111,1,bond3,18400
153,2,143,2,bond4,18400
358,17,357,24,ETF1,18400
198,26,197,27,ETF2,18400
158,0,155,0,bond1,18500
91,2,87,1,bond2,18500
115,1,111,2,bond3,18500
151,1,143,1,bond4,18500
357,21,356,20,ETF1,18500
197,37,196,37,ETF2,18500
160,0,158,0,bond1,18600
92,0,88,0,bond2,18600
113,0,111,0,bond3,18600
152,9,146,9,bond4,18600
357,26,356,20,ETF1,18600
199,35,198,38,ETF2,18600
159,0,158,0,bond1,18700
92,1,88,1,bond2,18700
114,0,110,0,bond3,18700
154,0,144,0,bond4,18700
357,38,356,40,ETF1,18700
199,37,198,42,ETF2,18700
159,0,158,0,bond1,18800
90,1,88,1,bond2,18800
113,0,112,0,bond3,18800
152,6,146,6,bond4,18800
357,43,356,45,ETF1,18800
198,40,197,34,ETF2,18800
161,1,158,0,bond1,18900
90,0,88,0,bond2,18900
114,0,111,1,bond3,18900
154,1,146,1,bond4,18900
357,33,356,32,ETF1,18900
199,21,198,17,ETF2,18900
160,2,156,1,bond1,19000
90,2,86,2,bond2,19000
114,0,113,0,bond3,19000
154,5,144,5,bond4,19000
358,18,357,17,ETF1,19000
198,33,197,35,ETF2,19000
159,1,156,1,bond1,19100
89,2,87,1,bond2,19100
114,2,113,1,bond3,19100
153,9,145,9,bond4,19100
358,24,357,24,ETF1,19100
197,25,196,25,ETF2,19100
159,1,157,1,bond1,19200
88,0,87,0,bond2,19200
115,1,112,2,bond3,19200
153,1,145,1,bond4,19200
358,22,357,27,ETF1,19200
197,31,196,34,ETF2,19200
160,0,156,0,bond1,19300
89,1,85,2,bond2,19300
113,1,112,0,bond3,19300
154,3,144,3,bond4,19300
358,25,357,22,ETF1,19300
197,36,196,35,ETF2,19300
160,0,156,0,bond1,19400
87,1,86,1,bond2,19400
115,1,114,2,bond3,19400
151,5,145,5,bond4,19400
358,24,357,19,ETF1,19400
196,42,195,33,ETF2,19400
159,0,155,0,bond1,19500
88,0,84,0,bond2,19500
116,0,113,0,bond3,19500
151,5,145,5,bond4,19500
358,16,357,19,ETF1,19500
196,26,195,28,ETF2,19500
157,1,155,0,bond1,19600
87,0,84,1,bond2,19600
116,1,112,1,bond3,19600
152,0,144,0,bond4,19600
358,46,357,42,ETF1,19600
195,23,194,20,ETF2,19600
157,0,155,1,bond1,19700
88,1,87,2,bond2,19700
115,1,113,0,bond3,19700
150,4,144,4,bond4,19700
361,33,360,48,ETF1,19700
195,39,194,43,ETF2,19700
158,1,155,0,bond1,19800
87,0,85,0,bond2,19800
115,0,113,1,bond3,19800
151,3,143,3,bond4,19800
360,33,359,33,ETF1,19800
195,28,194,28,ETF2,19800
157,0,156,0,bond1,19900
88,1,85,1,bond2,19900
116,0,112,1,bond3,19900
153,4,145,4,bond4,19900
360,45,359,33,ETF1,19900
197,16,196,20,ETF2,19900
159,0,157,0,bond1,20000
89,0,86,1,bond2,20000
116,0,113,0,bond3,20000
153,2,145,2,bond4,20000
360,18,359,15,ETF1,20000
197,25,196,20,ETF2,20000
160,1,156,2,bond1,20100
88,0,86,0,bond2,20100
115,0,114,0,bond3,20100
152,6,146,6,bond4,20100
360,21,359,20,ETF1,20100
197,22,196,22,ETF2,20100
157,1,156,1,bond1,20200
89,0,87,0,bond2,20200
117,0,113,0,bond3,20200
152,7,144,7,bond4,20200
361,28,360,36,ETF1,20200
196,33,195,33,ETF2,20200
160,2,156,2,bond1,20300
89,0,88,0,bond2,20300
116,0,115,1,bond3,20300
153,9,145,9,bond4,20300
362,50,361,54,ETF1,20300
197,50,196,38,ETF2,20300
159,0,156,0,bond1,20400
89,2,87,1,bond2,20400
116,2,115,2,bond3,20400
151,5,145,5,bond4,20400
362,30,361,33,ETF1,20400
197,29,196,32,ETF2,20400
159,0,157,0,bond1,20500
87,1,86,1,bond2,20500
116,1,115,2,bond3,20500
153,4,145,4,bond4,20500
361,25,360,25,ETF1,20500
197,33,196,37,ETF2,20500
162,0,159,1,bond1,20600
89,0,85,0,bond2,20600
116,1,114,2,bond3,20600
153,2,149,2,bond4,20600
361,45,360,41,ETF1,20600
199,47,198,33,ETF2,20600
163,0,159,0,bond1,20700
88,1,86,1,bond2,20700
117,2,113,2,bond3,20700
156,3,146,3,bond4,20700
359,46,358,47,ETF1,20700
200,34,199,33,ETF2,20700
163,0,159,0,bond1,20800
89,0,85,0,bond2,20800
115,1,112,1,bond3,20800
155,10,149,10,bond4,20800
358,24,357,21,ETF1,20800
200,34,199,39,ETF2,20800
162,2,159,1,bond1,20900
89,0,85,0,bond2,20900
117,0,113,0,bond3,20900
156,9,146,9,bond4,20900
360,33,359,44,ETF1,20900
199,33,198,34,ETF2,20900
163,2,161,1,bond1,21000
88,0,86,0,bond2,21000
115,1,114,0,bond3,21000
154,2,148,2,bond4,21000
360,17,359,17,ETF1,21000
200,45,199,35,ETF2,21000
163,0,159,0,bond1,21100
88,0,86,0,bond2,21100
118,1,114,0,bond3,21100
154,7,146,7,bond4,21100
360,23,359,24,ETF1,21100
199,39,198,48,ETF2,21100
163,0,160,0,bond1,21200
89,0,88,0,bond2,21200
117,1,113,2,bond3,21200
154,6,146,6,bond4,21200
361,40,360,40,ETF1,21200
200,29,199,29,ETF2,21200
162,2,159,2,bond1,21300
88,0,87,0,bond2,21300
116,0,113,0,bond3,21300
154,9,146,9,bond4,21300
362,45,361,33,ETF1,21300
199,30,198,25,ETF2,21300
162,0,158,1,bond1,21400
89,1,87,0,bond2,21400
116,1,112,1,bond3,21400
155,4,145,4,bond4,21400
362,51,361,40,ETF1,21400
199,34,198,29,ETF2,21400
163,1,159,0,bond1,21500
89,2,87,2,bond2,21500
115,0,113,0,bond3,21500
154,7,148,7,bond4,21500
362,16,361,18,ETF1,21500
200,29,199,29,ETF2,21500
160,0,159,0,bond1,21600
89,0,87,0,bond2,21600
116,1,112,0,bond3,21600
153,2,145,2,bond4,21600
363,34,362,38,ETF1,21600
198,27,197,29,ETF2,21600
162,1,160,1,bond1,21700
88,2,85,2,bond2,21700
116,0,113,0,bond3,21700
154,8,148,8,bond4,21700
362,51,361,41,ETF1,21700
200,34,199,38,ETF2,21700
162,0,159,0,bond1,21800
89,0,85,0,bond2,21800
116,1,113,2,bond3,21800
156,3,146,3,bond4,21800
363,16,362,19,ETF1,21800
200,52,199,42,ETF2,21800
162,1,159,2,bond1,21900
89,0,87,0,bond2,21900
115,1,113,1,bond3,21900
154,6,146,6,bond4,21900
363,38,362,40,ETF1,21900
199,44,198,34,ETF2,21900
161,0,158,0,bond1,22000
90,1,89,1,bond2,22000
117,0,113,0,bond3,22000
155,7,145,7,bond4,22000
363,44,362,42,ETF1,22000
199,48,198,50,ETF2,22000
163,1,160,2,bond1,22100
90,0,88,0,bond2,22100
117,1,114,1,bond3,22100
155,8,147,8,bond4,22100
363,31,362,26,ETF1,22100
200,16,199,20,ETF2,22100
160,0,159,1,bond1,22200
90,0,87,0,bond2,22200
116,0,113,0,bond3,22200
153,10,147,10,bond4,22200
364,37,363,31,ETF1,22200
199,46,198,37,ETF2,22200
162,2,159,2,bond1,22300
90,2,87,1,bond2,22300
113,1,112,2,bond3,22300
155,8,145,8,bond4,22300
364,16,363,15,ETF1,22300
199,26,198,28,ETF2,22300
161,0,159,0,bond1,22400
89,1,87,1,bond2,22400
112,0,111,0,bond3,22400
153,9,145,9,bond4,22400
364,17,363,23,ETF1,22400
199,21,198,20,ETF2,22400
161,1,160,0,bond1,22500
89,0,86,0,bond2,22500
110,0,109,0,bond3,22500
154,9,146,9,bond4,22500
364,26,363,36,ETF1,22500
199,28,198,28,ETF2,22500
164,1,160,0,bond1,22600
90,0,86,0,bond2,22600
111,1,107,1,bond3,22600
156,4,146,4,bond4,22600
364,51,363,39,ETF1,22600
200,18,199,24,ETF2,22600
164,0,163,1,bond1,22700
89,0,87,0,bond2,22700
110,0,108,1,bond3,22700
155,7,149,7,bond4,22700
364,46,363,38,ETF1,22700
201,23,200,32,ETF2,22700
162,0,159,0,bond1,22800
89,0,87,0,bond2,22800
108,1,107,1,bond3,22800
155,3,145,3,bond4,22800
362,33,361,28,ETF1,22800
200,44,199,47,ETF2,22800
162,1,161,0,bond1,22900
89,0,86,0,bond2,22900
111,0,108,0,bond3,22900
156,9,146,9,bond4,22900
361,23,360,30,ETF1,22900
201,38,200,32,ETF2,22900
161,1,159,1,bond1,23000
89,0,86,0,bond2,23000
112,1,109,2,bond3,23000
152,2,148,2,bond4,23000
363,41,362,40,ETF1,23000
199,48,198,49,ETF2,23000
161,2,160,1,bond1,23100
90,0,89,0,bond2,23100
110,0,108,0,bond3,23100
153,4,145,4,bond4,23100
362,37,361,39,ETF1,23100
199,24,198,23,ETF2,23100
163,1,160,1,bond1,23200
89,0,87,1,bond2,23200
111,0,110,0,bond3,23200
154,0,146,0,bond4,23200
364,37,363,38,ETF1,23200
199,15,198,22,ETF2,23200
162,0,159,1,bond1,23300
90,1,87,2,bond2,23300
111,1,108,1,bond3,23300
155,2,145,2,bond4,23300
364,39,363,31,ETF1,23300
199,14,198,13,ETF2,23300
159,1,158,1,bond1,23400
89,1,85,0,bond2,23400
109,1,108,1,bond3,23400
153,0,143,0,bond4,23400
363,17,362,19,ETF1,23400
197,38,196,35,ETF2,23400
161,0,159,0,bond1,23500
89,0,85,1,bond2,23500
111,0,108,1,bond3,23500
152,4,144,4,bond4,23500
361,19,360,16,ETF1,23500
197,43,196,42,ETF2,23500
161,0,158,0,bond1,23600
88,1,85,1,bond2,23600
111,1,108,1,bond3,23600
153,2,143,2,bond4,23600
360,47,359,46,ETF1,23600
197,18,196,18,ETF2,23600
161,1,159,1,bond1,23700
87,0,86,1,bond2,23700
109,1,106,2,bond3,23700
152,10,146,10,bond4,23700
359,27,358,24,ETF1,23700
198,50,197,48,ETF2,23700
161,0,158,0,bond1,23800
88,0,87,0,bond2,23800
111,2,107,2,bond3,23800
151,10,145,10,bond4,23800
357,31,356,41,ETF1,23800
197,35,196,37,ETF2,23800
161,0,160,0,bond1,23900
89,1,85,0,bond2,23900
109,0,108,1,bond3,23900
151,10,145,10,bond4,23900
357,33,356,29,ETF1,23900
198,21,197,17,ETF2,23900
162,0,158,0,bond1,24000
88,1,87,0,bond2,24000
109,0,107,1,bond3,24000
154,10,144,10,bond4,24000
358,25,357,24,ETF1,24000
198,26,197,25,ETF2,24000
164,2,162,1,bond1,24100
89,1,86,1,bond2,24100
109,1,105,1,bond3,24100
153,0,149,0,bond4,24100
357,43,356,49,ETF1,24100
201,32,200,41,ETF2,24100
164,1,162,0,bond1,24200
88,1,86,2,bond2,24200
109,1,105,0,bond3,24200
154,9,148,9,bond4,24200
359,32,358,28,ETF1,24200
201,21,200,20,ETF2,24200
164,1,163,1,bond1,24300
88,1,86,0,bond2,24300
108,0,105,0,bond3,24300
157,6,147,6,bond4,24300
359,52,358,42,ETF1,24300
201,29,200,28,ETF2,24300
166,1,163,2,bond1,24400
88,1,85,1,bond2,24400
108,0,105,0,bond3,24400
158,5,148,5,bond4,24400
359,14,358,17,ETF1,24400
202,19,201,17,ETF2,24400
166,0,164,0,bond1,24500
89,1,87,1,bond2,24500
108,1,107,0,bond3,24500
158,6,148,6,bond4,24500
359,39,358,52,ETF1,24500
203,19,202,22,ETF2,24500
167,0,163,1,bond1,24600
88,0,86,0,bond2,24600
109,0,106,0,bond3,24600
158,1,148,1,bond4,24600
361,17,360,17,ETF1,24600
203,39,202,45,ETF2,24600
164,2,163,2,bond1,24700
88,1,86,1,bond2,24700
108,2,105,2,bond3,24700
158,3,148,3,bond4,24700
360,45,359,40,ETF1,24700
202,38,201,29,ETF2,24700
166,0,163,0,bond1,24800
87,2,86,1,bond2,24800
107,0,106,0,bond3,24800
158,10,148,10,bond4,24800
359,16,358,15,ETF1,24800
202,34,201,41,ETF2,24800
166,1,163,1,bond1,24900
89,0,88,0,bond2,24900
106,0,104,0,bond3,24900
157,3,149,3,bond4,24900
359,22,358,22,ETF1,24900
202,52,201,41,ETF2,24900
165,1,161,2,bond1,25000
90,1,86,0,bond2,25000
106,0,105,0,bond3,25000
156,6,148,6,bond4,25000
357,22,356,18,ETF1,25000
202,29,201,29,ETF2,25000
165,2,162,1,bond1,25100
90,0,87,0,bond2,25100
106,1,104,2,bond3,25100
155,2,149,2,bond4,25100
357,40,356,41,ETF1,25100
202,52,201,50,ETF2,25100
165,0,162,0,bond1,25200
90,0,86,0,bond2,25200
105,1,104,0,bond3,25200
156,9,150,9,bond4,25200
357,28,356,26,ETF1,25200
202,32,201,32,ETF2,25200
165,0,163,1,bond1,25300
89,0,87,1,bond2,25300
107,0,104,0,bond3,25300
157,1,149,1,bond4,25300
359,21,358,23,ETF1,25300
202,28,201,36,ETF2,25300
165,1,161,0,bond1,25400
90,0,86,0,bond2,25400
106,2,104,2,bond3,25400
157,9,147,9,bond4,25400
358,40,357,28,ETF1,25400
202,39,201,32,ETF2,25400
165,1,162,1,bond1,25500
89,1,87,0,bond2,25500
106,1,103,2,bond3,25500
156,9,148,9,bond4,25500
358,35,357,28,ETF1,25500
202,36,201,42,ETF2,25500
165,1,161,1,bond1,25600
89,0,88,0,bond2,25600
107,0,104,0,bond3,25600
158,8,148,8,bond4,25600
359,42,358,48,ETF1,25600
202,43,201,49,ETF2,25600
162,1,161,1,bond1,25700
90,1,89,1,bond2,25700
106,1,103,1,bond3,25700
157,5,147,5,bond4,25700
357,19,356,18,ETF1,25700
202,30,201,36,ETF2,25700
162,0,159,0,bond1,25800
90,1,89,0,bond2,25800
106,0,103,0,bond3,25800
154,8,148,8,bond4,25800
356,39,355,30,ETF1,25800
201,38,200,34,ETF2,25800
161,1,158,2,bond1,25900
89,1,88,1,bond2,25900
106,1,104,2,bond3,25900
155,8,147,8,bond4,25900
353,21,352,24,ETF1,25900
200,32,199,30,ETF2,25900
163,1,160,0,bond1,26000
91,1,87,2,bond2,26000
106,0,104,1,bond3,26000
154,10,148,10,bond4,26000
353,16,352,16,ETF1,26000
201,22,200,23,ETF2,26000
164,0,160,0,bond1,26100
91,0,87,1,bond2,26100
106,0,105,0,bond3,26100
158,7,148,7,bond4,26100
352,21,351,27,ETF1,26100
202,44,201,31,ETF2,26100
163,0,161,0,bond1,26200
92,0,88,0,bond2,26200
106,1,104,0,bond3,26200
155,7,149,7,bond4,26200
354,16,353,16,ETF1,26200
202,41,201,35,ETF2,26200
164,0,161,0,bond1,26300
91,1,88,0,bond2,26300
106,2,104,1,bond3,26300
155,2,149,2,bond4,26300
353,32,352,34,ETF1,26300
202,26,201,23,ETF2,26300
163,1,162,1,bond1,26400
92,0,88,0,bond2,26400
106,1,105,2,bond3,26400
157,7,149,7,bond4,26400
352,28,351,31,ETF1,26400
202,21,201,20,ETF2,26400
165,2,162,1,bond1,26500
91,0,89,0,bond2,26500
105,1,104,1,bond3,26500
158,10,148,10,bond4,26500
353,43,352,39,ETF1,26500
203,38,202,50,ETF2,26500
164,1,161,1,bond1,26600
92,0,88,1,bond2,26600
105,0,103,0,bond3,26600
155,2,149,2,bond4,26600
354,29,353,24,ETF1,26600
202,46,201,36,ETF2,26600
166,0,162,0,bond1,26700
91,0,87,1,bond2,26700
104,1,103,1,bond3,26700
157,3,149,3,bond4,26700
353,36,352,30,ETF1,26700
204,31,203,33,ETF2,26700
166,1,163,1,bond1,26800
92,1,89,0,bond2,26800
104,2,103,1,bond3,26800
159,10,149,10,bond4,26800
353,30,352,31,ETF1,26800
204,33,203,30,ETF2,26800
166,0,162,0,bond1,26900
91,2,89,2,bond2,26900
106,2,102,1,bond3,26900
158,6,150,6,bond4,26900
352,19,351,18,ETF1,26900
204,36,203,38,ETF2,26900
165,2,163,1,bond1,27000
90,0,89,0,bond2,27000
105,1,103,0,bond3,27000
156,4,152,4,bond4,27000
353,14,352,20,ETF1,27000
204,27,203,37,ETF2,27000
166,0,165,0,bond1,27100
90,0,89,1,bond2,27100
105,1,103,1,bond3,27100
157,0,153,0,bond4,27100
354,18,353,18,ETF1,27100
205,35,204,36,ETF2,27100
165,0,163,0,bond1,27200
91,0,89,0,bond2,27200
104,1,102,1,bond3,27200
158,5,150,5,bond4,27200
352,46,351,51,ETF1,27200
204,27,203,28,ETF2,27200
167,2,163,2,bond1,27300
90,1,89,1,bond2,27300
104,0,100,0,bond3,27300
157,9,151,9,bond4,27300
351,21,350,28,ETF1,27300
204,37,203,28,ETF2,27300
165,0,163,0,bond1,27400
90,0,88,0,bond2,27400
103,1,102,2,bond3,27400
158,10,148,10,bond4,27400
352,21,351,20,ETF1,27400
203,44,202,44,ETF2,27400
165,0,164,0,bond1,27500
89,1,88,1,bond2,27500
103,0,101,0,bond3,27500
159,9,149,9,bond4,27500
354,19,353,20,ETF1,27500
204,39,203,35,ETF2,27500
165,0,164,0,bond1,27600
90,1,89,0,bond2,27600
103,1,102,1,bond3,27600
160,6,150,6,bond4,27600
355,40,354,38,ETF1,27600
205,42,204,39,ETF2,27600
166,0,164,0,bond1,27700
90,0,88,0,bond2,27700
104,1,100,1,bond3,27700
160,4,150,4,bond4,27700
356,46,355,44,ETF1,27700
204,45,203,45,ETF2,27700
165,0,162,0,bond1,27800
90,0,88,1,bond2,27800
105,1,102,1,bond3,27800
157,3,151,3,bond4,27800
355,50,354,41,ETF1,27800
203,30,202,28,ETF2,27800
165,0,164,0,bond1,27900
90,0,87,0,bond2,27900
104,0,102,0,bond3,27900
158,7,150,7,bond4,27900
353,23,352,21,ETF1,27900
203,18,202,17,ETF2,27900
166,2,164,2,bond1,28000
90,2,86,1,bond2,28000
105,1,101,2,bond3,28000
158,7,152,7,bond4,28000
352,27,351,35,ETF1,28000
204,44,203,48,ETF2,28000
166,0,164,1,bond1,28100
87,2,86,2,bond2,28100
102,1,101,2,bond3,28100
160,9,152,9,bond4,28100
350,23,349,23,ETF1,28100
204,14,203,14,ETF2,28100
167,2,165,2,bond1,28200
89,0,87,0,bond2,28200
105,1,102,2,bond3,28200
160,8,152,8,bond4,28200
349,42,348,44,ETF1,28200
205,23,204,23,ETF2,28200
167,1,165,2,bond1,28300
90,1,86,0,bond2,28300
103,0,101,0,bond3,28300
161,5,151,5,bond4,28300
349,14,348,13,ETF1,28300
205,29,204,34,ETF2,28300
169,0,165,1,bond1,28400
90,1,87,0,bond2,28400
103,2,102,2,bond3,28400
162,9,152,9,bond4,28400
349,50,348,47,ETF1,28400
206,33,205,31,ETF2,28400
169,1,167,2,bond1,28500
90,0,87,0,bond2,28500
105,1,102,1,bond3,28500
163,8,153,8,bond4,28500
350,18,349,19,ETF1,28500
207,15,206,13,ETF2,28500
169,1,165,1,bond1,28600
89,2,88,2,bond2,28600
104,0,103,0,bond3,28600
161,6,155,6,bond4,28600
351,47,350,39,ETF1,28600
207,25,206,32,ETF2,28600
168,0,167,0,bond1,28700
91,1,89,2,bond2,28700
103,0,102,0,bond3,28700
160,7,154,7,bond4,28700
351,22,350,28,ETF1,28700
207,18,206,25,ETF2,28700
168,1,164,2,bond1,28800
90,0,88,0,bond2,28800
104,0,101,0,bond3,28800
159,0,153,0,bond4,28800
351,42,350,35,ETF1,28800
206,20,205,21,ETF2,28800
167,0,165,0,bond1,28900
91,0,89,0,bond2,28900
104,0,103,0,bond3,28900
161,5,151,5,bond4,28900
351,26,350,24,ETF1,28900
206,47,205,40,ETF2,28900
167,0,166,0,bond1,29000
92,1,88,0,bond2,29000
104,1,101,0,bond3,29000
161,10,151,10,bond4,29000
353,41,352,35,ETF1,29000
206,42,205,42,ETF2,29000
166,0,163,0,bond1,29100
90,1,89,1,bond2,29100
104,2,100,2,bond3,29100
160,6,152,6,bond4,29100
354,31,353,29,ETF1,29100
205,32,204,30,ETF2,29100
167,0,163,0,bond1,29200
92,0,90,1,bond2,29200
104,1,101,1,bond3,29200
159,7,151,7,bond4,29200
353,27,352,24,ETF1,29200
205,48,204,52,ETF2,29200
165,0,162,0,bond1,29300
92,0,90,0,bond2,29300
103,0,102,0,bond3,29300
157,5,151,5,bond4,29300
355,23,354,26,ETF1,29300
204,33,203,39,ETF2,29300
167,1,163,0,bond1,29400
92,0,88,0,bond2,29400
104,0,101,0,bond3,29400
156,2,152,2,bond4,29400
355,56,354,39,ETF1,29400
205,39,204,47,ETF2,29400
166,1,165,0,bond1,29500
91,2,89,1,bond2,29500
105,2,101,2,bond3,29500
159,3,153,3,bond4,29500
356,53,355,53,ETF1,29500
206,26,205,22,ETF2,29500
168,2,165,2,bond1,29600
93,0,89,0,bond2,29600
104,0,100,0,bond3,29600
160,6,152,6,bond4,29600
355,46,354,52,ETF1,29600
206,43,205,42,ETF2,29600
168,0,164,0,bond1,29700
94,1,90,1,bond2,29700
102,1,100,1,bond3,29700
159,0,153,0,bond4,29700
356,36,355,33,ETF1,29700
207,37,206,47,ETF2,29700
166,0,164,0,bond1,29800
93,1,90,2,bond2,29800
103,2,99,2,bond3,29800
159,0,151,0,bond4,29800
356,38,355,35,ETF1,29800
205,14,204,18,ETF2,29800
166,0,165,0,bond1,29900
92,0,90,0,bond2,29900
101,1,100,1,bond3,29900
157,0,153,0,bond4,29900
357,23,356,22,ETF1,29900
206,31,205,43,ETF2,29900
167,1,166,2,bond1,30000
92,1,90,2,bond2,30000
102,0,98,0,bond3,30000
161,8,151,8,bond4,30000
357,25,356,19,ETF1,30000
207,20,206,18,ETF2,30000
169,1,165,2,bond1,30100
92,2,91,2,bond2,30100
102,2,98,2,bond3,30100
161,10,153,10,bond4,30100
358,26,357,33,ETF1,30100
208,21,207,26,ETF2,30100
167,1,164,2,bond1,30200
91,0,90,0,bond2,30200
102,0,98,0,bond3,30200
160,0,152,0,bond4,30200
359,35,358,32,ETF1,30200
207,23,206,21,ETF2,30200
168,0,166,0,bond1,30300
93,0,90,0,bond2,30300
101,0,98,0,bond3,30300
160,10,152,10,bond4,30300
357,42,356,37,ETF1,30300
207,31,206,29,ETF2,30300
167,0,165,1,bond1,30400
93,1,90,1,bond2,30400
99,2,97,2,bond3,30400
159,2,153,2,bond4,30400
357,44,356,39,ETF1,30400
206,44,205,47,ETF2,30400
168,1,166,2,bond1,30500
91,0,90,1,bond2,30500
98,1,95,1,bond3,30500
161,3,153,3,bond4,30500
356,18,355,19,ETF1,30500
207,55,206,39,ETF2,30500
169,0,165,0,bond1,30600
91,1,89,1,bond2,30600
100,0,97,0,bond3,30600
161,5,151,5,bond4,30600
357,15,356,17,ETF1,30600
207,18,206,18,ETF2,30600
168,0,165,0,bond1,30700
90,1,89,2,bond2,30700
99,1,98,1,bond3,30700
160,2,150,2,bond4,30700
355,44,354,37,ETF1,30700
206,25,205,34,ETF2,30700
169,1,165,1,bond1,30800
92,1,90,0,bond2,30800
98,0,97,0,bond3,30800
161,0,151,0,bond4,30800
355,44,354,37,ETF1,30800
207,42,206,44,ETF2,30800
167,0,166,0,bond1,30900
94,0,90,0,bond2,30900
98,1,95,2,bond3,30900
160,6,150,6,bond4,30900
356,37,355,43,ETF1,30900
206,41,205,39,ETF2,30900
168,2,164,2,bond1,31000
93,0,91,0,bond2,31000
99,0,98,0,bond3,31000
160,1,150,1,bond4,31000
356,36,355,39,ETF1,31000
206,19,205,19,ETF2,31000
165,1,164,2,bond1,31100
92,0,89,0,bond2,31100
99,0,95,1,bond3,31100
159,5,151,5,bond4,31100
356,46,355,41,ETF1,31100
205,42,204,33,ETF2,31100
167,1,163,0,bond1,31200
94,0,90,0,bond2,31200
98,0,95,0,bond3,31200
158,6,150,6,bond4,31200
356,39,355,51,ETF1,31200
206,23,205,26,ETF2,31200
166,0,165,0,bond1,31300
95,2,91,2,bond2,31300
97,1,95,0,bond3,31300
158,4,150,4,bond4,31300
356,34,355,29,ETF1,31300
206,29,205,29,ETF2,31300
168,0,164,1,bond1,31400
94,2,93,2,bond2,31400
96,0,95,1,bond3,31400
158,10,150,10,bond4,31400
354,45,353,43,ETF1,31400
206,29,205,30,ETF2,31400
169,0,166,0,bond1,31500
95,1,92,0,bond2,31500
97,0,95,1,bond3,31500
160,0,152,0,bond4,31500
355,51,354,45,ETF1,31500
208,35,207,37,ETF2,31500
168,0,166,0,bond1,31600
95,2,91,2,bond2,31600
96,2,95,1,bond3,31600
161,3,151,3,bond4,31600
355,20,354,22,ETF1,31600
208,21,207,24,ETF2,31600
176,0,172,0,bond1,31700
94,0,93,0,bond2,31700
96,1,95,1,bond3,31700
159,5,153,5,bond4,31700
354,44,353,43,ETF1,31700
212,18,211,16,ETF2,31700
175,0,174,0,bond1,31800
94,0,93,1,bond2,31800
97,1,95,1,bond3,31800
160,1,152,1,bond4,31800
356,50,355,51,ETF1,31800
211,12,210,12,ETF2,31800
176,0,172,0,bond1,31900
94,1,92,1,bond2,31900
97,2,96,1,bond3,31900
160,5,152,5,bond4,31900
357,17,356,13,ETF1,31900
212,20,211,18,ETF2,31900
177,2,174,2,bond1,32000
95,0,92,1,bond2,32000
98,0,95,0,bond3,32000
160,9,154,9,bond4,32000
356,44,355,40,ETF1,32000
213,20,212,25,ETF2,32000
176,0,174,0,bond1,32100
93,0,92,0,bond2,32100
98,1,94,1,bond3,32100
160,7,154,7,bond4,32100
357,25,356,22,ETF1,32100
213,24,212,30,ETF2,32100
176,0,172,0,bond1,32200
96,2,92,1,bond2,32200
97,2,95,2,bond3,32200
160,9,152,9,bond4,32200
357,52,356,38,ETF1,32200
212,25,211,25,ETF2,32200
174,1,171,2,bond1,32300
96,1,93,1,bond2,32300
96,0,94,0,bond3,32300
160,9,152,9,bond4,32300
356,36,355,31,ETF1,32300
211,17,210,13,ETF2,32300
175,0,171,1,bond1,32400
95,0,92,0,bond2,32400
96,1,95,1,bond3,32400
159,8,153,8,bond4,32400
356,33,355,37,ETF1,32400
211,41,210,49,ETF2,32400
175,1,172,1,bond1,32500
94,1,93,1,bond2,32500
96,0,92,0,bond3,32500
160,4,152,4,bond4,32500
356,26,355,23,ETF1,32500
212,17,211,15,ETF2,32500
175,1,171,1,bond1,32600
95,1,93,1,bond2,32600
95,2,93,2,bond3,32600
159,7,153,7,bond4,32600
355,46,354,51,ETF1,32600
212,45,211,37,ETF2,32600
175,0,174,0,bond1,32700
96,1,92,2,bond2,32700
96,0,93,0,bond3,32700
162,6,152,6,bond4,32700
356,29,355,29,ETF1,32700
212,20,211,20,ETF2,32700
174,0,171,0,bond1,32800
96,0,94,0,bond2,32800
95,1,92,0,bond3,32800
161,5,151,5,bond4,32800
356,34,355,32,ETF1,32800
212,20,211,19,ETF2,32800
174,2,173,2,bond1,32900
97,0,94,1,bond2,32900
94,1,91,1,bond3,32900
161,6,153,6,bond4,32900
357,28,356,25,ETF1,32900
213,37,212,27,ETF2,32900
176,1,172,2,bond1,33000
97,0,96,0,bond2,33000
95,1,93,1,bond3,33000
161,0,153,0,bond4,33000
357,53,356,39,ETF1,33000
214,12,213,15,ETF2,33000
176,1,172,1,bond1,33100
97,0,93,1,bond2,33100
96,2,92,1,bond3,33100
165,9,159,9,bond4,33100
358,31,357,27,ETF1,33100
216,15,215,17,ETF2,33100
175,0,174,0,bond1,33200
97,0,95,0,bond2,33200
97,0,93,0,bond3,33200
169,0,159,0,bond4,33200
359,17,358,15,ETF1,33200
217,53,216,41,ETF2,33200
178,1,176,0,bond1,33300
97,0,93,0,bond2,33300
97,0,95,0,bond3,33300
170,10,160,10,bond4,33300
358,24,357,21,ETF1,33300
218,40,217,31,ETF2,33300
177,1,176,2,bond1,33400
97,0,93,0,bond2,33400
98,1,95,2,bond3,33400
170,8,162,8,bond4,33400
358,26,357,23,ETF1,33400
219,47,218,38,ETF2,33400
178,1,174,1,bond1,33500
97,0,94,0,bond2,33500
98,0,96,0,bond3,33500
169,0,161,0,bond4,33500
359,17,358,13,ETF1,33500
219,37,218,35,ETF2,33500
177,1,174,2,bond1,33600
98,0,94,0,bond2,33600
98,1,96,1,bond3,33600
168,8,162,8,bond4,33600
359,21,358,21,ETF1,33600
219,29,218,26,ETF2,33600
178,1,177,1,bond1,33700
98,1,95,1,bond2,33700
96,0,93,1,bond3,33700
169,7,163,7,bond4,33700
359,41,358,34,ETF1,33700
219,24,218,26,ETF2,33700
178,0,176,0,bond1,33800
98,0,95,0,bond2,33800
97,0,94,0,bond3,33800
170,2,162,2,bond4,33800
359,46,358,38,ETF1,33800
220,18,219,20,ETF2,33800
178,0,176,0,bond1,33900
97,2,95,1,bond2,33900
96,0,93,1,bond3,33900
170,7,162,7,bond4,33900
359,56,358,52,ETF1,33900
219,17,218,13,ETF2,33900
180,1,176,0,bond1,34000
97,0,96,0,bond2,34000
96,2,92,2,bond3,34000
172,6,162,6,bond4,34000
359,23,358,25,ETF1,34000
220,42,219,34,ETF2,34000
177,0,176,0,bond1,34100
97,0,95,0,bond2,34100
97,1,94,1,bond3,34100
171,3,161,3,bond4,34100
360,22,359,27,ETF1,34100
220,13,219,16,ETF2,34100
179,1,177,2,bond1,34200
98,1,94,1,bond2,34200
96,1,93,2,bond3,34200
169,5,163,5,bond4,34200
363,16,362,16,ETF1,34200
220,39,219,48,ETF2,34200
180,2,176,1,bond1,34300
98,1,94,1,bond2,34300
95,2,93,2,bond3,34300
172,2,162,2,bond4,34300
365,31,364,31,ETF1,34300
220,28,219,25,ETF2,34300
180,1,179,0,bond1,34400
95,1,94,1,bond2,34400
96,0,93,0,bond3,34400
171,6,163,6,bond4,34400
363,15,362,21,ETF1,34400
221,16,220,16,ETF2,34400
180,0,179,0,bond1,34500
96,0,94,0,bond2,34500
96,0,95,0,bond3,34500
171,10,165,10,bond4,34500
364,23,363,23,ETF1,34500
221,13,220,17,ETF2,34500
177,2,176,2,bond1,34600
97,1,93,1,bond2,34600
97,1,93,2,bond3,34600
170,9,162,9,bond4,34600
364,21,363,28,ETF1,34600
219,29,218,32,ETF2,34600
178,2,177,2,bond1,34700
97,1,95,1,bond2,34700
96,1,95,0,bond3,34700
170,5,162,5,bond4,34700
365,21,364,18,ETF1,34700
220,35,219,27,ETF2,34700
179,1,175,2,bond1,34800
95,0,94,0,bond2,34800
97,0,93,0,bond3,34800
167,6,163,6,bond4,34800
366,51,365,43,ETF1,34800
219,30,218,32,ETF2,34800
177,1,176,0,bond1,34900
97,1,93,1,bond2,34900
98,0,94,0,bond3,34900
170,10,160,10,bond4,34900
365,28,364,26,ETF1,34900
218,23,217,22,ETF2,34900
176,2,175,1,bond1,35000
97,2,94,1,bond2,35000
96,1,94,0,bond3,35000
169,7,159,7,bond4,35000
364,42,363,44,ETF1,35000
217,34,216,34,ETF2,35000
174,0,173,0,bond1,35100
97,1,94,2,bond2,35100
98,0,94,0,bond3,35100
167,0,157,0,bond4,35100
364,18,363,19,ETF1,35100
216,23,215,18,ETF2,35100
175,1,174,1,bond1,35200
97,1,93,1,bond2,35200
98,2,94,1,bond3,35200
165,3,159,3,bond4,35200
364,23,363,27,ETF1,35200
216,17,215,21,ETF2,35200
176,0,173,0,bond1,35300
97,1,94,0,bond2,35300
97,0,94,0,bond3,35300
166,10,158,10,bond4,35300
365,21,364,27,ETF1,35300
216,33,215,36,ETF2,35300
175,2,172,1,bond1,35400
98,0,96,0,bond2,35400
98,0,97,0,bond3,35400
165,8,157,8,bond4,35400
365,24,364,26,ETF1,35400
216,45,215,45,ETF2,35400
175,0,172,0,bond1,35500
99,0,96,0,bond2,35500
97,2,96,1,bond3,35500
165,5,157,5,bond4,35500
365,42,364,47,ETF1,35500
215,43,214,41,ETF2,35500
174,2,172,1,bond1,35600
99,0,95,0,bond2,35600
98,1,96,0,bond3,35600
165,8,155,8,bond4,35600
365,22,364,26,ETF1,35600
215,35,214,41,ETF2,35600
175,2,171,2,bond1,35700
99,1,95,2,bond2,35700
100,0,96,0,bond3,35700
163,10,157,10,bond4,35700
365,41,364,41,ETF1,35700
214,41,213,35,ETF2,35700
175,2,174,2,bond1,35800
99,0,95,0,bond2,35800
97,0,96,0,bond3,35800
163,5,157,5,bond4,35800
366,26,365,26,ETF1,35800
215,39,214,37,ETF2,35800
175,2,171,2,bond1,35900
99,1,95,2,bond2,35900
99,0,98,0,bond3,35900
163,6,157,6,bond4,35900
368,43,367,47,ETF1,35900
215,52,214,43,ETF2,35900
173,0,171,0,bond1,36000
98,1,95,1,bond2,36000
100,1,97,2,bond3,36000
164,5,154,5,bond4,36000
366,20,365,17,ETF1,36000
214,44,213,30,ETF2,36000
175,0,172,1,bond1,36100
99,1,95,2,bond2,36100
97,1,95,1,bond3,36100
164,4,156,4,bond4,36100
365,30,364,27,ETF1,36100
215,24,214,26,ETF2,36100
176,0,173,0,bond1,36200
98,0,97,0,bond2,36200
98,2,94,1,bond3,36200
164,3,156,3,bond4,36200
365,46,364,56,ETF1,36200
216,30,215,24,ETF2,36200
174,0,170,0,bond1,36300
99,0,98,0,bond2,36300
98,1,94,0,bond3,36300
163,7,155,7,bond4,36300
364,27,363,24,ETF1,36300
215,40,214,30,ETF2,36300
172,0,171,0,bond1,36400
101,1,98,1,bond2,36400
97,1,95,1,bond3,36400
164,0,154,0,bond4,36400
363,15,362,18,ETF1,36400
215,47,214,51,ETF2,36400
172,1,168,1,bond1,36500
101,0,99,0,bond2,36500
98,0,96,0,bond3,36500
162,2,152,2,bond4,36500
363,47,362,44,ETF1,36500
213,19,212,18,ETF2,36500
171,2,170,2,bond1,36600
101,0,100,0,bond2,36600
96,2,95,1,bond3,36600
161,0,153,0,bond4,36600
364,32,363,32,ETF1,36600
214,13,213,17,ETF2,36600
172,0,168,0,bond1,36700
100,0,99,0,bond2,36700
97,0,94,0,bond3,36700
162,3,154,3,bond4,36700
362,32,361,35,ETF1,36700
214,33,213,31,ETF2,36700
170,1,169,1,bond1,36800
101,0,97,0,bond2,36800
98,2,94,2,bond3,36800
162,5,154,5,bond4,36800
361,15,360,16,ETF1,36800
213,51,212,43,ETF2,36800
169,0,168,0,bond1,36900
100,1,97,1,bond2,36900
98,0,94,0,bond3,36900
160,0,152,0,bond4,36900
359,19,358,20,ETF1,36900
212,21,211,27,ETF2,36900
168,0,166,0,bond1,37000
99,1,96,2,bond2,37000
98,0,94,0,bond3,37000
158,1,152,1,bond4,37000
361,26,360,28,ETF1,37000
210,38,209,43,ETF2,37000
166,2,164,2,bond1,37100
100,0,96,0,bond2,37100
97,0,95,0,bond3,37100
158,7,148,7,bond4,37100
361,41,360,45,ETF1,37100
208,25,207,36,ETF2,37100
167,2,163,1,bond1,37200
99,0,96,0,bond2,37200
97,0,95,0,bond3,37200
156,5,150,5,bond4,37200
361,30,360,34,ETF1,37200
208,23,207,27,ETF2,37200
167,1,163,1,bond1,37300
101,0,98,0,bond2,37300
97,1,93,1,bond3,37300
158,5,150,5,bond4,37300
360,21,359,28,ETF1,37300
209,25,208,26,ETF2,37300
168,1,164,0,bond1,37400
98,0,97,0,bond2,37400
95,2,94,2,bond3,37400
157,0,151,0,bond4,37400
360,42,359,48,ETF1,37400
209,16,208,14,ETF2,37400
165,1,164,1,bond1,37500
100,0,96,0,bond2,37500
95,0,94,0,bond3,37500
158,1,148,1,bond4,37500
360,46,359,44,ETF1,37500
208,25,207,28,ETF2,37500
166,0,162,0,bond1,37600
100,0,98,0,bond2,37600
96,1,95,1,bond3,37600
156,5,148,5,bond4,37600
362,30,361,22,ETF1,37600
208,23,207,18,ETF2,37600
164,2,162,1,bond1,37700
101,1,98,1,bond2,37700
97,0,94,1,bond3,37700
154,8,148,8,bond4,37700
361,49,360,58,ETF1,37700
206,16,205,21,ETF2,37700
162,2,161,2,bond1,37800
101,1,97,1,bond2,37800
96,1,95,2,bond3,37800
153,4,145,4,bond4,37800
362,46,361,44,ETF1,37800
205,46,204,37,ETF2,37800
163,0,160,0,bond1,37900
102,0,98,0,bond2,37900
96,1,95,0,bond3,37900
152,6,146,6,bond4,37900
363,20,362,25,ETF1,37900
205,41,204,36,ETF2,37900
160,1,159,2,bond1,38000
100,1,99,2,bond2,38000
99,0,96,0,bond3,38000
152,7,146,7,bond4,38000
361,36,360,43,ETF1,38000
204,43,203,48,ETF2,38000
162,1,158,0,bond1,38100
101,0,99,1,bond2,38100
97,2,96,2,bond3,38100
153,9,143,9,bond4,38100
362,33,361,32,ETF1,38100
204,16,203,14,ETF2,38100
161,0,157,0,bond1,38200
103,1,99,2,bond2,38200
98,0,94,0,bond3,38200
151,8,145,8,bond4,38200
362,51,361,47,ETF1,38200
204,27,203,25,ETF2,38200
160,1,158,0,bond1,38300
102,2,99,1,bond2,38300
98,0,94,0,bond3,38300
153,9,143,9,bond4,38300
362,26,361,20,ETF1,38300
204,42,203,54,ETF2,38300
161,0,158,0,bond1,38400
101,0,99,0,bond2,38400
96,2,95,2,bond3,38400
154,5,144,5,bond4,38400
359,26,358,27,ETF1,38400
205,23,204,31,ETF2,38400
161,2,159,2,bond1,38500
103,0,99,0,bond2,38500
96,2,95,1,bond3,38500
152,8,144,8,bond4,38500
356,26,355,23,ETF1,38500
204,32,203,35,ETF2,38500
160,2,156,2,bond1,38600
102,0,98,0,bond2,38600
99,1,95,1,bond3,38600
151,3,143,3,bond4,38600
357,37,356,44,ETF1,38600
203,47,202,39,ETF2,38600
159,0,157,0,bond1,38700
101,1,99,2,bond2,38700
96,2,95,1,bond3,38700
151,0,143,0,bond4,38700
356,50,355,49,ETF1,38700
202,24,201,25,ETF2,38700
157,0,156,0,bond1,38800
103,1,99,1,bond2,38800
97,0,95,1,bond3,38800
150,7,142,7,bond4,38800
355,33,354,41,ETF1,38800
202,33,201,32,ETF2,38800
158,1,154,1,bond1,38900
103,1,99,1,bond2,38900
97,0,96,1,bond3,38900
151,6,141,6,bond4,38900
354,33,353,28,ETF1,38900
201,13,200,14,ETF2,38900
158,0,156,0,bond1,39000
104,1,101,0,bond2,39000
99,1,96,0,bond3,39000
150,0,142,0,bond4,39000
354,20,353,21,ETF1,39000
202,31,201,37,ETF2,39000
158,2,156,2,bond1,39100
103,0,99,0,bond2,39100
96,0,95,0,bond3,39100
149,3,143,3,bond4,39100
355,30,354,32,ETF1,39100
202,28,201,20,ETF2,39100
157,0,155,1,bond1,39200
102,0,101,1,bond2,39200
98,0,95,0,bond3,39200
150,6,142,6,bond4,39200
355,18,354,20,ETF1,39200
202,47,201,45,ETF2,39200
156,0,155,1,bond1,39300
104,0,100,1,bond2,39300
98,1,96,2,bond3,39300
148,4,142,4,bond4,39300
354,13,353,13,ETF1,39300
201,26,200,26,ETF2,39300
156,0,155,0,bond1,39400
105,0,101,0,bond2,39400
98,0,95,0,bond3,39400
149,8,141,8,bond4,39400
353,25,352,31,ETF1,39400
202,20,201,23,ETF2,39400
157,0,153,0,bond1,39500
103,0,102,0,bond2,39500
97,2,96,1,bond3,39500
148,5,140,5,bond4,39500
352,15,351,13,ETF1,39500
201,31,200,23,ETF2,39500
155,0,154,0,bond1,39600
104,1,102,1,bond2,39600
98,0,96,0,bond3,39600
149,3,139,3,bond4,39600
353,41,352,39,ETF1,39600
201,41,200,33,ETF2,39600
157,0,153,0,bond1,39700
104,0,100,0,bond2,39700
98,0,97,0,bond3,39700
149,9,139,9,bond4,39700
354,43,353,36,ETF1,39700
201,25,200,22,ETF2,39700
156,1,155,2,bond1,39800
104,0,102,1,bond2,39800
100,1,97,0,bond3,39800
149,8,139,8,bond4,39800
353,28,352,29,ETF1,39800
201,44,200,38,ETF2,39800
158,2,154,2,bond1,39900
102,1,101,0,bond2,39900
99,0,96,1,bond3,39900
150,4,140,4,bond4,39900
354,47,353,40,ETF1,39900
202,30,201,34,ETF2,39900
157,2,154,2,bond1,40000
104,0,101,0,bond2,40000
100,0,98,1,bond3,40000
149,10,141,10,bond4,40000
355,28,354,25,ETF1,40000
202,35,201,30,ETF2,40000
156,1,155,2,bond1,40100
104,0,101,0,bond2,40100
99,1,98,2,bond3,40100
148,8,140,8,bond4,40100
354,27,353,31,ETF1,40100
201,28,200,24,ETF2,40100
157,2,153,1,bond1,40200
105,1,102,1,bond2,40200
101,0,98,0,bond3,40200
137,6,131,6,bond4,40200
353,24,352,17,ETF1,40200
196,14,195,18,ETF2,40200
156,1,153,1,bond1,40300
105,0,104,0,bond2,40300
100,0,99,0,bond3,40300
138,10,128,10,bond4,40300
353,26,352,26,ETF1,40300
196,18,195,19,ETF2,40300
155,0,153,0,bond1,40400
107,1,105,0,bond2,40400
100,0,99,0,bond3,40400
138,8,128,8,bond4,40400
353,14,352,15,ETF1,40400
196,30,195,31,ETF2,40400
156,2,152,2,bond1,40500
107,0,104,0,bond2,40500
100,2,99,2,bond3,40500
138,9,130,9,bond4,40500
353,21,352,24,ETF1,40500
197,18,196,22,ETF2,40500
157,1,154,1,bond1,40600
105,0,104,1,bond2,40600
103,1,99,1,bond3,40600
138,1,132,1,bond4,40600
354,33,353,30,ETF1,40600
198,23,197,22,ETF2,40600
157,0,155,0,bond1,40700
107,2,105,1,bond2,40700
104,1,100,0,bond3,40700
140,0,132,0,bond4,40700
357,32,356,37,ETF1,40700
199,33,198,30,ETF2,40700
157,0,155,1,bond1,40800
106,0,103,0,bond2,40800
104,1,101,2,bond3,40800
138,10,132,10,bond4,40800
358,31,357,29,ETF1,40800
198,33,197,26,ETF2,40800
158,0,156,0,bond1,40900
105,2,102,1,bond2,40900
104,1,100,1,bond3,40900
140,1,132,1,bond4,40900
358,47,357,45,ETF1,40900
199,24,198,33,ETF2,40900
158,1,154,0,bond1,41000
105,0,103,0,bond2,41000
103,1,101,0,bond3,41000
139,10,131,10,bond4,41000
358,20,357,27,ETF1,41000
197,17,196,17,ETF2,41000
159,0,155,0,bond1,41100
105,0,103,0,bond2,41100
104,1,100,1,bond3,41100
140,4,132,4,bond4,41100
358,20,357,18,ETF1,41100
199,27,198,27,ETF2,41100
159,0,155,0,bond1,41200
108,0,104,0,bond2,41200
103,0,100,0,bond3,41200
139,0,133,0,bond4,41200
358,19,357,20,ETF1,41200
199,17,198,22,ETF2,41200
159,0,156,0,bond1,41300
108,0,104,0,bond2,41300
103,0,102,0,bond3,41300
139,9,133,9,bond4,41300
359,26,358,20,ETF1,41300
200,18,199,21,ETF2,41300
158,1,157,0,bond1,41400
106,0,105,1,bond2,41400
104,0,100,0,bond3,41400
138,5,132,5,bond4,41400
359,29,358,21,ETF1,41400
199,21,198,20,ETF2,41400
160,1,157,1,bond1,41500
108,0,104,0,bond2,41500
104,0,100,1,bond3,41500
141,10,131,10,bond4,41500
358,17,357,13,ETF1,41500
200,17,199,14,ETF2,41500
160,2,158,2,bond1,41600
108,0,105,1,bond2,41600
105,2,101,1,bond3,41600
140,5,132,5,bond4,41600
361,23,360,23,ETF1,41600
200,39,199,36,ETF2,41600
161,1,159,2,bond1,41700
106,0,105,0,bond2,41700
105,1,101,1,bond3,41700
138,5,136,5,bond4,41700
363,39,362,33,ETF1,41700
202,39,201,45,ETF2,41700
161,0,159,0,bond1,41800
107,1,104,1,bond2,41800
105,2,103,1,bond3,41800
140,6,134,6,bond4,41800
363,27,362,33,ETF1,41800
201,22,200,20,ETF2,41800
163,0,159,0,bond1,41900
107,1,105,2,bond2,41900
105,0,103,0,bond3,41900
144,5,134,5,bond4,41900
364,42,363,47,ETF1,41900
203,32,202,32,ETF2,41900
163,0,162,1,bond1,42000
107,1,104,2,bond2,42000
106,0,103,0,bond3,42000
143,9,137,9,bond4,42000
366,43,365,55,ETF1,42000
204,29,203,42,ETF2,42000
162,1,160,1,bond1,42100
107,0,105,1,bond2,42100
106,1,102,2,bond3,42100
144,5,134,5,bond4,42100
366,53,365,55,ETF1,42100
203,15,202,17,ETF2,42100
160,0,158,0,bond1,42200
107,1,104,2,bond2,42200
105,0,104,0,bond3,42200
142,8,132,8,bond4,42200
366,43,365,43,ETF1,42200
201,44,200,38,ETF2,42200
162,1,159,1,bond1,42300
107,0,106,1,bond2,42300
106,0,104,0,bond3,42300
144,7,134,7,bond4,42300
366,32,365,26,ETF1,42300
203,52,202,37,ETF2,42300
162,2,158,1,bond1,42400
108,0,105,0,bond2,42400
107,0,105,1,bond3,42400
143,3,135,3,bond4,42400
365,50,364,50,ETF1,42400
203,32,202,32,ETF2,42400
160,1,158,2,bond1,42500
108,0,106,0,bond2,42500
107,0,106,0,bond3,42500
140,0,134,0,bond4,42500
367,36,366,43,ETF1,42500
201,46,200,34,ETF2,42500
160,0,156,0,bond1,42600
108,1,106,2,bond2,42600
107,0,104,0,bond3,42600
141,1,131,1,bond4,42600
368,25,367,26,ETF1,42600
200,28,199,25,ETF2,42600
158,0,157,0,bond1,42700
110,1,106,1,bond2,42700
108,1,107,2,bond3,42700
139,10,133,10,bond4,42700
367,35,366,36,ETF1,42700
201,22,200,22,ETF2,42700
156,0,155,0,bond1,42800
109,1,107,2,bond2,42800
108,2,107,2,bond3,42800
138,1,130,1,bond4,42800
366,28,365,28,ETF1,42800
199,18,198,18,ETF2,42800
157,0,154,0,bond1,42900
110,0,108,0,bond2,42900
110,0,106,0,bond3,42900
137,1,129,1,bond4,42900
367,47,366,35,ETF1,42900
198,48,197,46,ETF2,42900
155,1,154,1,bond1,43000
110,1,109,1,bond2,43000
109,1,105,1,bond3,43000
137,10,129,10,bond4,43000
366,55,365,55,ETF1,43000
198,28,197,27,ETF2,43000
156,0,152,0,bond1,43100
110,0,107,0,bond2,43100
108,0,107,0,bond3,43100
136,1,128,1,bond4,43100
366,20,365,16,ETF1,43100
197,18,196,14,ETF2,43100
155,1,152,2,bond1,43200
110,0,106,0,bond2,43200
108,1,106,0,bond3,43200
134,6,128,6,bond4,43200
367,27,366,21,ETF1,43200
196,15,195,16,ETF2,43200
153,0,152,0,bond1,43300
108,0,106,1,bond2,43300
108,0,107,0,bond3,43300
135,5,127,5,bond4,43300
368,34,367,41,ETF1,43300
195,50,194,54,ETF2,43300
152,1,150,1,bond1,43400
108,0,106,0,bond2,43400
107,0,106,0,bond3,43400
133,6,125,6,bond4,43400
369,33,368,31,ETF1,43400
194,13,193,15,ETF2,43400
153,1,149,1,bond1,43500
108,0,105,0,bond2,43500
108,0,106,0,bond3,43500
133,6,125,6,bond4,43500
368,14,367,13,ETF1,43500
193,46,192,53,ETF2,43500
152,2,151,1,bond1,43600
109,0,105,1,bond2,43600
107,1,105,1,bond3,43600
135,0,125,0,bond4,43600
370,31,369,32,ETF1,43600
194,44,193,33,ETF2,43600
152,0,151,0,bond1,43700
108,0,105,0,bond2,43700
106,2,104,1,bond3,43700
134,1,126,1,bond4,43700
369,30,368,24,ETF1,43700
194,15,193,17,ETF2,43700
153,1,150,0,bond1,43800
108,0,105,0,bond2,43800
108,0,105,0,bond3,43800
132,2,126,2,bond4,43800
370,34,369,44,ETF1,43800
193,38,192,44,ETF2,43800
151,0,148,1,bond1,43900
109,0,105,1,bond2,43900
108,0,107,0,bond3,43900
130,0,126,0,bond4,43900
370,14,369,18,ETF1,43900
193,24,192,19,ETF2,43900
152,0,149,0,bond1,44000
106,0,105,1,bond2,44000
108,1,106,1,bond3,44000
133,0,125,0,bond4,44000
370,14,369,13,ETF1,44000
193,49,192,39,ETF2,44000
151,0,149,0,bond1,44100
106,2,105,1,bond2,44100
109,1,107,2,bond3,44100
133,9,125,9,bond4,44100
370,37,369,42,ETF1,44100
192,26,191,28,ETF2,44100
152,2,149,2,bond1,44200
108,1,105,1,bond2,44200
110,1,107,1,bond3,44200
134,0,124,0,bond4,44200
371,42,370,45,ETF1,44200
193,38,192,49,ETF2,44200
150,0,149,1,bond1,44300
107,0,103,0,bond2,44300
108,0,107,0,bond3,44300
134,0,124,0,bond4,44300
371,38,370,39,ETF1,44300
192,27,191,20,ETF2,44300
151,0,147,0,bond1,44400
106,2,105,1,bond2,44400
110,2,107,2,bond3,44400
130,10,126,10,bond4,44400
371,19,370,18,ETF1,44400
191,48,190,44,ETF2,44400
150,0,147,0,bond1,44500
106,0,104,0,bond2,44500
110,0,109,0,bond3,44500
132,2,124,2,bond4,44500
371,40,370,38,ETF1,44500
191,40,190,41,ETF2,44500
151,0,148,0,bond1,44600
107,1,104,0,bond2,44600
109,0,108,0,bond3,44600
133,9,123,9,bond4,44600
371,42,370,40,ETF1,44600
191,39,190,30,ETF2,44600
151,0,147,0,bond1,44700
107,0,103,0,bond2,44700
110,2,108,1,bond3,44700
132,9,124,9,bond4,44700
372,23,371,22,ETF1,44700
191,26,190,34,ETF2,44700
151,1,148,1,bond1,44800
106,0,102,0,bond2,44800
110,1,109,1,bond3,44800
130,8,126,8,bond4,44800
372,52,371,43,ETF1,44800
191,36,190,34,ETF2,44800
150,0,149,1,bond1,44900
105,0,104,0,bond2,44900
110,0,109,0,bond3,44900
132,7,126,7,bond4,44900
372,47,371,40,ETF1,44900
191,45,190,40,ETF2,44900
153,1,149,1,bond1,45000
106,2,103,1,bond2,45000
112,2,109,1,bond3,45000
136,8,126,8,bond4,45000
372,25,371,28,ETF1,45000
193,32,192,35,ETF2,45000
153,2,149,1,bond1,45100
107,0,104,0,bond2,45100
112,1,110,1,bond3,45100
135,1,125,1,bond4,45100
372,49,371,34,ETF1,45100
193,17,192,15,ETF2,45100
151,1,150,2,bond1,45200
107,0,105,0,bond2,45200
112,0,110,0,bond3,45200
134,4,126,4,bond4,45200
372,29,371,26,ETF1,45200
193,40,192,53,ETF2,45200
154,0,152,0,bond1,45300
107,1,104,0,bond2,45300
111,0,108,0,bond3,45300
135,7,131,7,bond4,45300
372,26,371,28,ETF1,45300
196,35,195,43,ETF2,45300
155,1,154,1,bond1,45400
108,0,104,0,bond2,45400
110,0,108,0,bond3,45400
139,0,129,0,bond4,45400
372,26,371,25,ETF1,45400
197,45,196,39,ETF2,45400
155,0,152,0,bond1,45500
108,0,104,0,bond2,45500
110,1,106,0,bond3,45500
136,10,126,10,bond4,45500
373,13,372,17,ETF1,45500
195,48,194,49,ETF2,45500
155,0,151,0,bond1,45600
106,1,103,0,bond2,45600
108,0,107,0,bond3,45600
137,8,127,8,bond4,45600
372,28,371,23,ETF1,45600
195,26,194,28,ETF2,45600
154,1,152,1,bond1,45700
107,0,103,0,bond2,45700
107,1,106,0,bond3,45700
136,6,126,6,bond4,45700
371,24,370,32,ETF1,45700
194,41,193,41,ETF2,45700
156,0,153,0,bond1,45800
106,2,105,1,bond2,45800
109,2,106,1,bond3,45800
135,6,129,6,bond4,45800
370,34,369,30,ETF1,45800
196,16,195,21,ETF2,45800
155,0,154,0,bond1,45900
106,2,104,2,bond2,45900
109,1,105,1,bond3,45900
135,2,129,2,bond4,45900
368,36,367,38,ETF1,45900
196,18,195,24,ETF2,45900
154,0,152,0,bond1,46000
108,2,105,1,bond2,46000
109,1,105,0,bond3,46000
134,8,128,8,bond4,46000
367,39,366,47,ETF1,46000
195,57,194,54,ETF2,46000
155,0,154,0,bond1,46100
106,1,103,0,bond2,46100
108,0,104,0,bond3,46100
137,9,127,9,bond4,46100
367,36,366,33,ETF1,46100
195,38,194,51,ETF2,46100
154,0,152,0,bond1,46200
106,0,104,0,bond2,46200
106,0,105,1,bond3,46200
134,4,128,4,bond4,46200
366,26,365,30,ETF1,46200
194,37,193,45,ETF2,46200
155,1,152,1,bond1,46300
107,1,103,1,bond2,46300
108,0,104,0,bond3,46300
137,3,127,3,bond4,46300
366,43,365,52,ETF1,46300
195,23,194,21,ETF2,46300
153,0,152,0,bond1,46400
108,0,105,0,bond2,46400
108,0,104,0,bond3,46400
134,8,128,8,bond4,46400
367,22,366,24,ETF1,46400
195,22,194,24,ETF2,46400
155,0,153,0,bond1,46500
105,1,104,1,bond2,46500
106,0,103,0,bond3,46500
136,8,128,8,bond4,46500
367,26,366,36,ETF1,46500
195,16,194,14,ETF2,46500
155,0,152,0,bond1,46600
106,1,103,1,bond2,46600
105,1,104,1,bond3,46600
135,5,129,5,bond4,46600
367,29,366,33,ETF1,46600
195,28,194,25,ETF2,46600
154,0,150,0,bond1,46700
107,0,103,0,bond2,46700
106,0,102,0,bond3,46700
134,0,128,0,bond4,46700
366,38,365,36,ETF1,46700
194,32,193,36,ETF2,46700
153,1,151,1,bond1,46800
108,0,104,0,bond2,46800
104,1,103,1,bond3,46800
135,10,127,10,bond4,46800
366,22,365,27,ETF1,46800
194,41,193,43,ETF2,46800
152,0,151,0,bond1,46900
107,1,104,1,bond2,46900
105,0,104,1,bond3,46900
133,5,127,5,bond4,46900
367,22,366,20,ETF1,46900
194,29,193,36,ETF2,46900
153,1,149,1,bond1,47000
107,0,106,1,bond2,47000
107,0,103,0,bond3,47000
132,6,126,6,bond4,47000
366,20,365,24,ETF1,47000
193,43,192,37,ETF2,47000
150,0,149,0,bond1,47100
107,1,106,2,bond2,47100
106,1,104,2,bond3,47100
130,8,126,8,bond4,47100
366,35,365,40,ETF1,47100
192,19,191,16,ETF2,47100
152,1,148,0,bond1,47200
108,0,105,0,bond2,47200
107,0,103,1,bond3,47200
130,7,124,7,bond4,47200
365,27,364,26,ETF1,47200
191,38,190,42,ETF2,47200
151,2,148,2,bond1,47300
107,2,104,1,bond2,47300
107,0,103,0,bond3,47300
130,1,124,1,bond4,47300
365,26,364,28,ETF1,47300
191,34,190,32,ETF2,47300
152,2,151,2,bond1,47400
108,0,105,0,bond2,47400
106,1,105,0,bond3,47400
131,6,127,6,bond4,47400
365,38,364,41,ETF1,47400
193,37,192,34,ETF2,47400
152,2,150,2,bond1,47500
108,0,104,0,bond2,47500
106,0,103,1,bond3,47500
135,2,125,2,bond4,47500
366,45,365,39,ETF1,47500
194,24,193,27,ETF2,47500
153,0,149,0,bond1,47600
107,0,105,0,bond2,47600
104,0,102,0,bond3,47600
134,8,126,8,bond4,47600
365,26,364,26,ETF1,47600
194,35,193,38,ETF2,47600
153,0,151,0,bond1,47700
106,1,105,0,bond2,47700
105,0,101,0,bond3,47700
135,3,125,3,bond4,47700
366,32,365,28,ETF1,47700
194,32,193,25,ETF2,47700
153,0,152,0,bond1,47800
106,0,104,0,bond2,47800
103,0,102,0,bond3,47800
134,10,128,10,bond4,47800
366,22,365,24,ETF1,47800
195,24,194,20,ETF2,47800
153,0,151,0,bond1,47900
107,2,103,2,bond2,47900
106,2,102,2,bond3,47900
134,4,128,4,bond4,47900
366,23,365,26,ETF1,47900
194,21,193,22,ETF2,47900
154,0,151,0,bond1,48000
107,0,103,0,bond2,48000
105,1,103,0,bond3,48000
134,8,124,8,bond4,48000
365,28,364,28,ETF1,48000
193,42,192,36,ETF2,48000
153,0,150,0,bond1,48100
107,0,104,0,bond2,48100
104,0,102,0,bond3,48100
133,0,125,0,bond4,48100
363,18,362,19,ETF1,48100
193,21,192,24,ETF2,48100
152,2,148,2,bond1,48200
107,0,103,0,bond2,48200
104,2,103,1,bond3,48200
133,8,123,8,bond4,48200
364,25,363,24,ETF1,48200
192,50,191,48,ETF2,48200
150,1,147,0,bond1,48300
106,0,105,0,bond2,48300
104,1,103,1,bond3,48300
132,8,122,8,bond4,48300
363,19,362,20,ETF1,48300
190,21,189,20,ETF2,48300
149,1,146,1,bond1,48400
107,0,104,0,bond2,48400
105,0,101,1,bond3,48400
131,1,125,1,bond4,48400
363,39,362,43,ETF1,48400
191,33,190,38,ETF2,48400
152,1,148,2,bond1,48500
105,1,104,2,bond2,48500
105,0,101,0,bond3,48500
133,0,125,0,bond4,48500
363,44,362,35,ETF1,48500
192,40,191,37,ETF2,48500
149,0,148,0,bond1,48600
105,2,102,2,bond2,48600
103,2,101,1,bond3,48600
134,8,124,8,bond4,48600
363,30,362,22,ETF1,48600
191,32,190,35,ETF2,48600
149,1,147,1,bond1,48700
106,1,102,0,bond2,48700
104,1,101,0,bond3,48700
131,6,125,6,bond4,48700
365,40,364,52,ETF1,48700
190,38,189,43,ETF2,48700
149,0,148,0,bond1,48800
105,0,102,0,bond2,48800
103,0,102,1,bond3,48800
133,5,123,5,bond4,48800
365,30,364,43,ETF1,48800
189,42,188,37,ETF2,48800
149,0,147,0,bond1,48900
103,1,102,1,bond2,48900
101,0,100,0,bond3,48900
132,2,124,2,bond4,48900
364,44,363,57,ETF1,48900
189,37,188,36,ETF2,48900
151,1,149,1,bond1,49000
102,1,101,2,bond2,49000
101,1,100,1,bond3,49000
133,1,125,1,bond4,49000
362,40,361,42,ETF1,49000
191,15,190,16,ETF2,49000
152,0,148,0,bond1,49100
103,0,102,0,bond2,49100
103,0,100,0,bond3,49100
134,4,126,4,bond4,49100
362,47,361,41,ETF1,49100
191,40,190,42,ETF2,49100
151,0,150,0,bond1,49200
105,0,101,0,bond2,49200
102,1,100,2,bond3,49200
133,2,127,2,bond4,49200
360,47,359,39,ETF1,49200
192,44,191,37,ETF2,49200
150,1,149,1,bond1,49300
103,1,102,0,bond2,49300
103,0,100,0,bond3,49300
134,0,126,0,bond4,49300
361,17,360,16,ETF1,49300
191,35,190,38,ETF2,49300
151,0,147,0,bond1,49400
104,2,100,1,bond2,49400
102,0,101,0,bond3,49400
134,10,124,10,bond4,49400
361,41,360,43,ETF1,49400
190,22,189,19,ETF2,49400
152,1,149,1,bond1,49500
102,2,101,1,bond2,49500
103,1,99,0,bond3,49500
133,3,125,3,bond4,49500
362,31,361,35,ETF1,49500
190,39,189,43,ETF2,49500
152,1,148,1,bond1,49600
103,0,102,0,bond2,49600
100,1,99,1,bond3,49600
134,8,124,8,bond4,49600
361,27,360,23,ETF1,49600
191,43,190,41,ETF2,49600
152,0,148,0,bond1,49700
104,1,101,1,bond2,49700
101,0,99,0,bond3,49700
133,4,125,4,bond4,49700
360,17,359,24,ETF1,49700
191,32,190,35,ETF2,49700
152,1,148,1,bond1,49800
106,0,103,0,bond2,49800
103,0,99,0,bond3,49800
134,6,126,6,bond4,49800
360,30,359,32,ETF1,49800
192,32,191,30,ETF2,49800
152,2,148,1,bond1,49900
104,0,103,0,bond2,49900
101,0,100,0,bond3,49900
133,9,127,9,bond4,49900
361,22,360,16,ETF1,49900
191,32,190,38,ETF2,49900
151,1,149,1,bond1,50000
104,0,103,1,bond2,50000
102,1,98,1,bond3,50000
131,7,127,7,bond4,50000
360,51,359,36,ETF1,50000
191,51,190,53,ETF2,50000
153,2,150,1,bond1,50100
106,0,102,0,bond2,50100
101,0,100,0,bond3,50100
134,7,126,7,bond4,50100
359,25,358,25,ETF1,50100
192,18,191,16,ETF2,50100
151,0,149,0,bond1,50200
106,1,103,1,bond2,50200
102,0,98,0,bond3,50200
132,6,126,6,bond4,50200
360,35,359,42,ETF1,50200
192,55,191,42,ETF2,50200
151,0,149,1,bond1,50300
106,1,102,1,bond2,50300
102,0,99,0,bond3,50300
132,7,126,7,bond4,50300
358,23,357,19,ETF1,50300
191,22,190,20,ETF2,50300
150,2,149,2,bond1,50400
105,0,101,0,bond2,50400
102,1,100,2,bond3,50400
133,4,125,4,bond4,50400
357,38,356,44,ETF1,50400
191,40,190,40,ETF2,50400
151,1,150,1,bond1,50500
104,0,100,0,bond2,50500
102,0,101,0,bond3,50500
133,1,125,1,bond4,50500
358,42,357,30,ETF1,50500
191,37,190,32,ETF2,50500
151,0,150,0,bond1,50600
103,2,100,1,bond2,50600
102,0,99,0,bond3,50600
133,10,125,10,bond4,50600
358,49,357,47,ETF1,50600
191,34,190,44,ETF2,50600
153,1,149,0,bond1,50700
102,0,100,0,bond2,50700
102,2,99,1,bond3,50700
132,6,128,6,bond4,50700
359,30,358,32,ETF1,50700
191,39,190,49,ETF2,50700
152,1,150,1,bond1,50800
102,1,100,0,bond2,50800
102,0,99,0,bond3,50800
134,1,126,1,bond4,50800
356,34,355,31,ETF1,50800
191,27,190,26,ETF2,50800
154,2,151,2,bond1,50900
102,2,99,2,bond2,50900
103,2,99,2,bond3,50900
133,2,129,2,bond4,50900
356,16,355,19,ETF1,50900
191,36,190,45,ETF2,50900
153,0,149,0,bond1,51000
101,1,100,1,bond2,51000
101,1,98,2,bond3,51000
133,0,127,0,bond4,51000
354,32,353,30,ETF1,51000
190,16,189,18,ETF2,51000
153,1,149,2,bond1,51100
102,2,100,1,bond2,51100
101,0,100,0,bond3,51100
135,7,125,7,bond4,51100
356,17,355,22,ETF1,51100
191,19,190,19,ETF2,51100
154,0,151,0,bond1,51200
103,0,100,0,bond2,51200
102,0,100,0,bond3,51200
132,4,128,4,bond4,51200
357,22,356,30,ETF1,51200
191,25,190,25,ETF2,51200
153,0,152,0,bond1,51300
102,0,100,1,bond2,51300
100,0,98,0,bond3,51300
134,1,126,1,bond4,51300
357,33,356,29,ETF1,51300
191,22,190,23,ETF2,51300
152,0,150,0,bond1,51400
101,1,99,1,bond2,51400
100,0,97,1,bond3,51400
133,0,125,0,bond4,51400
357,25,356,26,ETF1,51400
190,32,189,31,ETF2,51400
153,2,150,2,bond1,51500
103,1,99,1,bond2,51500
99,0,98,0,bond3,51500
134,10,124,10,bond4,51500
355,19,354,19,ETF1,51500
191,52,190,40,ETF2,51500
154,0,152,1,bond1,51600
102,2,101,2,bond2,51600
102,0,98,0,bond3,51600
135,9,127,9,bond4,51600
355,36,354,46,ETF1,51600
193,45,192,34,ETF2,51600
155,1,153,0,bond1,51700
104,0,102,0,bond2,51700
100,0,97,0,bond3,51700
134,2,128,2,bond4,51700
354,22,353,23,ETF1,51700
194,38,193,32,ETF2,51700
157,2,153,1,bond1,51800
103,0,102,0,bond2,51800
101,2,98,1,bond3,51800
136,5,128,5,bond4,51800
352,34,351,34,ETF1,51800
195,14,194,12,ETF2,51800
158,0,156,0,bond1,51900
104,1,101,1,bond2,51900
100,0,99,0,bond3,51900
137,0,129,0,bond4,51900
353,18,352,20,ETF1,51900
196,25,195,28,ETF2,51900
157,0,156,0,bond1,52000
103,0,102,1,bond2,52000
102,0,98,1,bond3,52000
135,10,131,10,bond4,52000
353,26,352,25,ETF1,52000
196,31,195,34,ETF2,52000
157,0,154,0,bond1,52100
105,0,102,0,bond2,52100
102,0,100,0,bond3,52100
134,2,130,2,bond4,52100
353,28,352,33,ETF1,52100
196,15,195,19,ETF2,52100
155,1,154,1,bond1,52200
105,0,104,0,bond2,52200
101,1,100,2,bond3,52200
133,9,129,9,bond4,52200
352,25,351,20,ETF1,52200
195,21,194,19,ETF2,52200
155,1,154,0,bond1,52300
106,1,103,2,bond2,52300
101,2,99,1,bond3,52300
134,1,128,1,bond4,52300
353,15,352,13,ETF1,52300
195,34,194,33,ETF2,52300
156,2,155,2,bond1,52400
106,0,102,0,bond2,52400
103,2,100,2,bond3,52400
135,10,127,10,bond4,52400
353,30,352,34,ETF1,52400
195,38,194,33,ETF2,52400
155,1,152,1,bond1,52500
107,1,103,2,bond2,52500
103,1,101,2,bond3,52500
134,3,126,3,bond4,52500
353,22,352,19,ETF1,52500
194,41,193,41,ETF2,52500
155,0,154,0,bond1,52600
107,2,104,1,bond2,52600
103,1,99,1,bond3,52600
132,1,128,1,bond4,52600
352,27,351,29,ETF1,52600
195,25,194,22,ETF2,52600
157,1,153,1,bond1,52700
105,0,104,0,bond2,52700
103,1,102,0,bond3,52700
135,6,127,6,bond4,52700
351,36,350,31,ETF1,52700
195,37,194,34,ETF2,52700
157,1,153,0,bond1,52800
105,1,102,0,bond2,52800
101,1,100,0,bond3,52800
136,9,126,9,bond4,52800
353,46,352,48,ETF1,52800
195,25,194,20,ETF2,52800
156,0,152,1,bond1,52900
107,1,103,0,bond2,52900
104,0,101,1,bond3,52900
133,10,127,10,bond4,52900
355,33,354,25,ETF1,52900
195,24,194,21,ETF2,52900
157,1,153,1,bond1,53000
107,1,103,0,bond2,53000
103,0,99,0,bond3,53000
135,9,127,9,bond4,53000
353,53,352,46,ETF1,53000
196,44,195,51,ETF2,53000
156,1,155,1,bond1,53100
107,1,103,1,bond2,53100
101,0,99,0,bond3,53100
134,4,128,4,bond4,53100
353,17,352,16,ETF1,53100
196,53,195,43,ETF2,53100
155,2,153,1,bond1,53200
105,1,104,2,bond2,53200
102,0,98,0,bond3,53200
135,3,127,3,bond4,53200
355,52,354,57,ETF1,53200
195,27,194,29,ETF2,53200
157,0,153,0,bond1,53300
105,0,104,0,bond2,53300
101,2,98,1,bond3,53300
135,3,127,3,bond4,53300
355,19,354,22,ETF1,53300
195,40,194,55,ETF2,53300
157,0,153,0,bond1,53400
108,0,105,0,bond2,53400
101,0,97,1,bond3,53400
136,1,126,1,bond4,53400
356,47,355,40,ETF1,53400
196,28,195,23,ETF2,53400
157,0,154,0,bond1,53500
107,0,104,1,bond2,53500
101,1,97,1,bond3,53500
135,10,127,10,bond4,53500
355,41,354,41,ETF1,53500
196,27,195,28,ETF2,53500
155,1,153,2,bond1,53600
108,1,105,1,bond2,53600
100,0,97,0,bond3,53600
134,6,128,6,bond4,53600
356,21,355,22,ETF1,53600
196,47,195,54,ETF2,53600
156,0,155,0,bond1,53700
108,1,105,1,bond2,53700
101,1,97,2,bond3,53700
137,3,127,3,bond4,53700
358,13,357,12,ETF1,53700
197,25,196,24,ETF2,53700
155,1,153,1,bond1,53800
108,0,104,0,bond2,53800
100,1,98,1,bond3,53800
137,3,127,3,bond4,53800
358,54,357,52,ETF1,53800
196,39,195,41,ETF2,53800
155,0,152,0,bond1,53900
107,0,106,1,bond2,53900
101,0,100,0,bond3,53900
132,7,130,7,bond4,53900
359,53,358,53,ETF1,53900
195,57,194,50,ETF2,53900
152,0,151,0,bond1,54000
108,0,106,0,bond2,54000
102,0,99,1,bond3,54000
134,9,126,9,bond4,54000
360,35,359,33,ETF1,54000
195,46,194,36,ETF2,54000
152,1,150,1,bond1,54100
108,1,107,1,bond2,54100
99,0,98,0,bond3,54100
132,3,126,3,bond4,54100
360,54,359,51,ETF1,54100
193,33,192,35,ETF2,54100
152,0,149,0,bond1,54200
108,0,107,0,bond2,54200
99,0,97,0,bond3,54200
135,5,125,5,bond4,54200
360,30,359,33,ETF1,54200
194,40,193,42,ETF2,54200
151,0,148,0,bond1,54300
109,0,105,1,bond2,54300
99,1,98,1,bond3,54300
134,2,124,2,bond4,54300
359,31,358,22,ETF1,54300
193,41,192,34,ETF2,54300
152,1,149,2,bond1,54400
109,0,105,0,bond2,54400
99,0,97,1,bond3,54400
132,10,126,10,bond4,54400
360,54,359,40,ETF1,54400
194,28,193,31,ETF2,54400
154,0,150,0,bond1,54500
109,1,107,0,bond2,54500
99,1,97,2,bond3,54500
134,7,126,7,bond4,54500
359,31,358,27,ETF1,54500
195,14,194,19,ETF2,54500
153,2,152,1,bond1,54600
108,2,105,2,bond2,54600
101,2,98,2,bond3,54600
135,0,127,0,bond4,54600
360,26,359,29,ETF1,54600
196,26,195,34,ETF2,54600
155,1,153,1,bond1,54700
108,0,107,0,bond2,54700
98,0,97,0,bond3,54700
136,9,128,9,bond4,54700
359,42,358,43,ETF1,54700
197,22,196,27,ETF2,54700
156,1,152,1,bond1,54800
108,1,105,1,bond2,54800
99,2,97,1,bond3,54800
135,10,129,10,bond4,54800
358,31,357,29,ETF1,54800
196,37,195,26,ETF2,54800
155,0,154,0,bond1,54900
108,0,106,0,bond2,54900
98,2,97,1,bond3,54900
137,2,129,2,bond4,54900
356,44,355,32,ETF1,54900
198,33,197,29,ETF2,54900
157,1,154,1,bond1,55000
109,1,105,1,bond2,55000
98,0,97,0,bond3,55000
138,3,128,3,bond4,55000
357,49,356,35,ETF1,55000
197,41,196,34,ETF2,55000
155,0,154,1,bond1,55100
108,1,104,1,bond2,55100
99,1,97,1,bond3,55100
135,2,129,2,bond4,55100
356,20,355,16,ETF1,55100
197,51,196,46,ETF2,55100
156,0,152,0,bond1,55200
109,0,106,0,bond2,55200
100,1,97,0,bond3,55200
136,2,128,2,bond4,55200
358,36,357,37,ETF1,55200
197,41,196,32,ETF2,55200
157,0,153,1,bond1,55300
107,1,104,2,bond2,55300
99,1,98,1,bond3,55300
137,1,129,1,bond4,55300
358,30,357,43,ETF1,55300
197,38,196,52,ETF2,55300
156,0,152,0,bond1,55400
109,0,105,0,bond2,55400
99,0,98,0,bond3,55400
136,7,128,7,bond4,55400
358,34,357,35,ETF1,55400
197,20,196,30,ETF2,55400
156,0,155,0,bond1,55500
109,0,105,0,bond2,55500
99,1,97,2,bond3,55500
137,10,131,10,bond4,55500
358,35,357,32,ETF1,55500
199,41,198,36,ETF2,55500
158,2,154,2,bond1,55600
108,1,106,1,bond2,55600
100,1,96,0,bond3,55600
137,8,131,8,bond4,55600
357,32,356,39,ETF1,55600
198,30,197,30,ETF2,55600
157,1,154,0,bond1,55700
109,0,108,0,bond2,55700
99,0,97,0,bond3,55700
139,1,129,1,bond4,55700
357,28,356,28,ETF1,55700
199,34,198,38,ETF2,55700
156,0,153,0,bond1,55800
111,1,107,1,bond2,55800
99,0,96,1,bond3,55800
142,8,132,8,bond4,55800
356,41,355,48,ETF1,55800
201,23,200,20,ETF2,55800
157,1,154,1,bond1,55900
110,2,108,1,bond2,55900
99,0,95,0,bond3,55900
141,0,133,0,bond4,55900
355,30,354,34,ETF1,55900
201,44,200,43,ETF2,55900
157,0,154,1,bond1,56000
110,1,107,1,bond2,56000
98,0,95,0,bond3,56000
140,5,134,5,bond4,56000
356,24,355,32,ETF1,56000
201,42,200,47,ETF2,56000
157,1,154,1,bond1,56100
111,1,107,1,bond2,56100
99,0,95,0,bond3,56100
139,5,135,5,bond4,56100
356,43,355,53,ETF1,56100
201,31,200,32,ETF2,56100
155,1,153,1,bond1,56200
110,2,108,2,bond2,56200
98,1,96,2,bond3,56200
140,9,132,9,bond4,56200
357,24,356,25,ETF1,56200
200,19,199,19,ETF2,56200
157,2,155,2,bond1,56300
111,0,108,0,bond2,56300
99,0,98,0,bond3,56300
143,4,133,4,bond4,56300
357,24,356,26,ETF1,56300
201,30,200,29,ETF2,56300
159,0,156,0,bond1,56400
111,2,107,1,bond2,56400
98,1,96,1,bond3,56400
143,3,135,3,bond4,56400
356,32,355,36,ETF1,56400
203,16,202,22,ETF2,56400
158,0,156,0,bond1,56500
111,0,108,1,bond2,56500
98,0,95,1,bond3,56500
143,6,135,6,bond4,56500
356,17,355,17,ETF1,56500
203,38,202,35,ETF2,56500
157,0,156,0,bond1,56600
112,0,109,0,bond2,56600
97,2,95,2,bond3,56600
144,7,136,7,bond4,56600
357,26,356,19,ETF1,56600
203,28,202,23,ETF2,56600
159,1,155,0,bond1,56700
111,0,110,1,bond2,56700
98,0,95,0,bond3,56700
157,0,147,0,bond4,56700
356,22,355,20,ETF1,56700
210,30,209,33,ETF2,56700
159,1,155,0,bond1,56800
113,0,109,0,bond2,56800
98,1,94,2,bond3,56800
155,8,147,8,bond4,56800
357,23,356,21,ETF1,56800
210,15,209,18,ETF2,56800
160,0,158,0,bond1,56900
113,2,109,1,bond2,56900
98,0,96,0,bond3,56900
154,10,150,10,bond4,56900
357,49,356,44,ETF1,56900
211,28,210,39,ETF2,56900
161,1,157,1,bond1,57000
112,2,109,2,bond2,57000
98,2,96,1,bond3,57000
157,3,149,3,bond4,57000
357,24,356,24,ETF1,57000
211,23,210,18,ETF2,57000
160,2,156,2,bond1,57100
111,2,110,2,bond2,57100
99,0,96,0,bond3,57100
157,0,147,0,bond4,57100
358,44,357,47,ETF1,57100
211,29,210,28,ETF2,57100
160,1,157,1,bond1,57200
111,0,109,1,bond2,57200
99,0,96,0,bond3,57200
156,6,150,6,bond4,57200
358,13,357,15,ETF1,57200
211,30,210,33,ETF2,57200
160,1,159,2,bond1,57300
111,1,109,2,bond2,57300
99,2,95,1,bond3,57300
156,10,150,10,bond4,57300
358,42,357,31,ETF1,57300
211,18,210,17,ETF2,57300
161,1,160,2,bond1,57400
111,0,108,0,bond2,57400
98,1,96,2,bond3,57400
157,4,151,4,bond4,57400
359,27,358,22,ETF1,57400
212,17,211,16,ETF2,57400
162,1,159,2,bond1,57500
112,0,108,0,bond2,57500
100,0,96,1,bond3,57500
159,6,149,6,bond4,57500
360,29,359,22,ETF1,57500
212,35,211,27,ETF2,57500
161,0,160,0,bond1,57600
109,0,108,0,bond2,57600
99,1,96,0,bond3,57600
158,8,150,8,bond4,57600
360,54,359,41,ETF1,57600
212,29,211,29,ETF2,57600
162,0,159,1,bond1,57700
110,2,108,2,bond2,57700
100,0,97,0,bond3,57700
156,0,152,0,bond4,57700
363,29,362,33,ETF1,57700
212,45,211,41,ETF2,57700
163,0,159,0,bond1,57800
111,0,108,0,bond2,57800
100,2,99,1,bond3,57800
157,3,151,3,bond4,57800
362,16,361,16,ETF1,57800
212,24,211,26,ETF2,57800
161,1,160,2,bond1,57900
109,0,108,0,bond2,57900
100,2,98,2,bond3,57900
157,9,151,9,bond4,57900
362,50,361,35,ETF1,57900
212,37,211,30,ETF2,57900
164,1,163,1,bond1,58000
108,1,107,0,bond2,58000
101,0,97,0,bond3,58000
161,9,151,9,bond4,58000
363,39,362,36,ETF1,58000
213,14,212,17,ETF2,58000
164,1,163,1,bond1,58100
108,1,106,0,bond2,58100
100,1,98,1,bond3,58100
159,3,155,3,bond4,58100
362,24,361,24,ETF1,58100
214,41,213,52,ETF2,58100
164,2,162,1,bond1,58200
109,1,107,1,bond2,58200
99,1,97,1,bond3,58200
162,7,152,7,bond4,58200
363,25,362,22,ETF1,58200
214,17,213,25,ETF2,58200
165,2,161,2,bond1,58300
109,1,106,1,bond2,58300
98,0,97,0,bond3,58300
161,8,151,8,bond4,58300
364,23,363,18,ETF1,58300
213,21,212,19,ETF2,58300
166,0,163,1,bond1,58400
110,0,106,0,bond2,58400
98,0,97,0,bond3,58400
161,9,153,9,bond4,58400
364,38,363,38,ETF1,58400
215,44,214,44,ETF2,58400
165,2,162,2,bond1,58500
108,0,106,0,bond2,58500
100,0,97,0,bond3,58500
162,6,152,6,bond4,58500
364,23,363,29,ETF1,58500
213,25,212,27,ETF2,58500
164,1,161,2,bond1,58600
107,2,105,2,bond2,58600
99,1,96,2,bond3,58600
162,5,152,5,bond4,58600
364,24,363,31,ETF1,58600
213,46,212,45,ETF2,58600
164,1,160,1,bond1,58700
107,2,104,1,bond2,58700
100,0,97,0,bond3,58700
160,8,154,8,bond4,58700
364,22,363,32,ETF1,58700
212,33,211,33,ETF2,58700
162,1,159,1,bond1,58800
106,2,104,2,bond2,58800
98,0,96,0,bond3,58800
161,1,151,1,bond4,58800
363,37,362,35,ETF1,58800
211,18,210,19,ETF2,58800
161,0,160,0,bond1,58900
106,1,105,0,bond2,58900
99,2,97,1,bond3,58900
158,4,152,4,bond4,58900
362,24,361,28,ETF1,58900
211,24,210,22,ETF2,58900
162,0,159,0,bond1,59000
107,0,105,1,bond2,59000
99,2,97,2,bond3,59000
158,2,154,2,bond4,59000
362,40,361,41,ETF1,59000
212,37,211,43,ETF2,59000
164,2,161,1,bond1,59100
107,2,106,2,bond2,59100
100,0,97,0,bond3,59100
160,3,152,3,bond4,59100
362,29,361,29,ETF1,59100
212,55,211,49,ETF2,59100
163,2,162,2,bond1,59200
107,0,106,0,bond2,59200
100,0,99,0,bond3,59200
160,6,152,6,bond4,59200
362,17,361,13,ETF1,59200
212,40,211,44,ETF2,59200
164,0,160,0,bond1,59300
108,1,105,2,bond2,59300
100,0,98,0,bond3,59300
162,6,152,6,bond4,59300
362,30,361,27,ETF1,59300
213,42,212,45,ETF2,59300
164,0,160,0,bond1,59400
109,0,105,1,bond2,59400
100,1,98,1,bond3,59400
162,1,152,1,bond4,59400
361,20,360,21,ETF1,59400
212,14,211,18,ETF2,59400
161,0,160,0,bond1,59500
108,2,104,2,bond2,59500
100,2,98,2,bond3,59500
160,7,150,7,bond4,59500
361,56,360,39,ETF1,59500
211,23,210,23,ETF2,59500
163,1,159,0,bond1,59600
109,0,106,0,bond2,59600
99,0,98,0,bond3,59600
158,6,152,6,bond4,59600
362,36,361,38,ETF1,59600
212,40,211,38,ETF2,59600
164,0,160,0,bond1,59700
109,0,108,0,bond2,59700
101,0,98,0,bond3,59700
159,8,153,8,bond4,59700
363,31,362,25,ETF1,59700
213,23,212,23,ETF2,59700
164,1,162,0,bond1,59800
109,0,108,0,bond2,59800
100,0,99,0,bond3,59800
161,3,153,3,bond4,59800
362,21,361,17,ETF1,59800
214,40,213,34,ETF2,59800
164,1,162,2,bond1,59900
108,2,107,1,bond2,59900
101,1,100,2,bond3,59900
161,6,153,6,bond4,59900
362,36,361,46,ETF1,59900
213,26,212,37,ETF2,59900
164,0,160,0,bond1,60000
107,1,105,1,bond2,60000
100,2,97,1,bond3,60000
162,1,152,1,bond4,60000
361,30,360,29,ETF1,60000
212,42,211,46,ETF2,60000
164,1,163,0,bond1,60100
108,1,105,2,bond2,60100
100,0,97,0,bond3,60100
162,0,154,0,bond4,60100
363,36,362,34,ETF1,60100
214,38,213,37,ETF2,60100
164,0,162,0,bond1,60200
106,2,105,2,bond2,60200
100,0,97,0,bond3,60200
163,5,153,5,bond4,60200
362,50,361,38,ETF1,60200
214,18,213,21,ETF2,60200
164,0,162,0,bond1,60300
108,0,105,0,bond2,60300
101,0,97,0,bond3,60300
163,2,153,2,bond4,60300
361,19,360,16,ETF1,60300
214,35,213,27,ETF2,60300
164,2,162,2,bond1,60400
109,1,106,0,bond2,60400
99,0,98,0,bond3,60400
161,6,153,6,bond4,60400
362,42,361,38,ETF1,60400
214,41,213,45,ETF2,60400
164,1,160,1,bond1,60500
108,0,107,0,bond2,60500
101,1,99,1,bond3,60500
160,10,154,10,bond4,60500
363,16,362,19,ETF1,60500
213,12,212,15,ETF2,60500
165,0,161,0,bond1,60600
109,0,107,0,bond2,60600
101,0,100,0,bond3,60600
161,8,155,8,bond4,60600
365,39,364,36,ETF1,60600
215,23,214,16,ETF2,60600
166,2,163,2,bond1,60700
110,2,106,2,bond2,60700
101,1,99,2,bond3,60700
164,2,154,2,bond4,60700
365,30,364,28,ETF1,60700
215,38,214,31,ETF2,60700
166,1,162,1,bond1,60800
110,1,106,0,bond2,60800
102,0,99,0,bond3,60800
163,6,155,6,bond4,60800
365,33,364,37,ETF1,60800
216,40,215,46,ETF2,60800
165,2,161,2,bond1,60900
110,1,109,2,bond2,60900
100,2,98,2,bond3,60900
162,3,154,3,bond4,60900
366,29,365,31,ETF1,60900
215,52,214,37,ETF2,60900
167,1,163,1,bond1,61000
109,0,108,0,bond2,61000
100,1,98,1,bond3,61000
164,10,156,10,bond4,61000
370,14,369,15,ETF1,61000
217,26,216,22,ETF2,61000
167,0,163,1,bond1,61100
110,2,108,1,bond2,61100
100,0,97,0,bond3,61100
164,6,158,6,bond4,61100
372,41,371,45,ETF1,61100
217,49,216,35,ETF2,61100
167,2,163,2,bond1,61200
109,0,106,1,bond2,61200
100,0,97,0,bond3,61200
163,6,155,6,bond4,61200
371,50,370,40,ETF1,61200
216,30,215,41,ETF2,61200
167,0,164,0,bond1,61300
111,2,107,2,bond2,61300
101,0,100,1,bond3,61300
165,1,155,1,bond4,61300
372,22,371,26,ETF1,61300
217,25,216,26,ETF2,61300
166,1,164,0,bond1,61400
110,1,108,0,bond2,61400
101,1,100,1,bond3,61400
164,1,156,1,bond4,61400
369,15,368,15,ETF1,61400
217,38,216,42,ETF2,61400
166,0,163,0,bond1,61500
110,1,107,0,bond2,61500
101,2,98,1,bond3,61500
164,6,154,6,bond4,61500
370,50,369,41,ETF1,61500
216,19,215,22,ETF2,61500
165,1,163,1,bond1,61600
109,2,106,1,bond2,61600
100,0,99,0,bond3,61600
163,4,155,4,bond4,61600
370,13,369,13,ETF1,61600
216,42,215,46,ETF2,61600
164,0,163,0,bond1,61700
110,2,108,1,bond2,61700
102,2,99,2,bond3,61700
161,9,155,9,bond4,61700
368,51,367,38,ETF1,61700
215,49,214,45,ETF2,61700
164,1,163,0,bond1,61800
110,0,109,0,bond2,61800
102,0,98,0,bond3,61800
162,9,154,9,bond4,61800
369,47,368,32,ETF1,61800
215,33,214,32,ETF2,61800
164,0,160,0,bond1,61900
110,0,108,1,bond2,61900
101,1,100,1,bond3,61900
161,3,153,3,bond4,61900
369,34,368,31,ETF1,61900
214,47,213,38,ETF2,61900
163,1,160,1,bond1,62000
109,1,108,1,bond2,62000
101,0,99,0,bond3,62000
161,3,153,3,bond4,62000
371,21,370,27,ETF1,62000
213,37,212,37,ETF2,62000
164,1,160,2,bond1,62100
111,1,108,0,bond2,62100
102,1,98,0,bond3,62100
160,7,152,7,bond4,62100
371,29,370,23,ETF1,62100
213,37,212,32,ETF2,62100
162,2,160,1,bond1,62200
111,0,108,0,bond2,62200
101,0,100,0,bond3,62200
159,6,153,6,bond4,62200
372,25,371,33,ETF1,62200
213,26,212,30,ETF2,62200
164,0,160,0,bond1,62300
109,1,107,1,bond2,62300
101,0,97,0,bond3,62300
161,1,153,1,bond4,62300
371,39,370,50,ETF1,62300
214,53,213,39,ETF2,62300
165,0,162,0,bond1,62400
111,1,108,2,bond2,62400
99,0,96,1,bond3,62400
161,8,155,8,bond4,62400
371,19,370,19,ETF1,62400
215,49,214,46,ETF2,62400
164,0,162,1,bond1,62500
111,0,107,0,bond2,62500
100,0,96,0,bond3,62500
161,9,155,9,bond4,62500
370,26,369,27,ETF1,62500
215,24,214,23,ETF2,62500
166,1,162,0,bond1,62600
112,0,108,0,bond2,62600
99,2,96,2,bond3,62600
165,3,155,3,bond4,62600
370,29,369,37,ETF1,62600
217,24,216,26,ETF2,62600
164,0,162,1,bond1,62700
111,1,107,2,bond2,62700
100,0,97,0,bond3,62700
164,1,154,1,bond4,62700
369,47,368,51,ETF1,62700
216,31,215,38,ETF2,62700
164,0,162,0,bond1,62800
111,0,109,0,bond2,62800
101,1,97,1,bond3,62800
162,3,156,3,bond4,62800
369,25,368,20,ETF1,62800
216,27,215,35,ETF2,62800
164,1,162,0,bond1,62900
110,0,109,0,bond2,62900
100,1,99,1,bond3,62900
163,8,155,8,bond4,62900
369,39,368,43,ETF1,62900
217,44,216,54,ETF2,62900
165,0,164,0,bond1,63000
110,1,109,0,bond2,63000
100,1,99,1,bond3,63000
163,9,155,9,bond4,63000
368,36,367,32,ETF1,63000
217,25,216,26,ETF2,63000
166,1,163,0,bond1,63100
111,0,109,0,bond2,63100
100,1,97,1,bond3,63100
163,7,155,7,bond4,63100
368,36,367,47,ETF1,63100
217,46,216,42,ETF2,63100
164,1,163,0,bond1,63200
113,1,111,2,bond2,63200
100,1,98,1,bond3,63200
163,9,155,9,bond4,63200
368,20,367,22,ETF1,63200
217,26,216,26,ETF2,63200
164,0,162,0,bond1,63300
113,1,109,1,bond2,63300
100,0,98,0,bond3,63300
160,8,154,8,bond4,63300
369,32,368,28,ETF1,63300
216,41,215,40,ETF2,63300
165,0,161,0,bond1,63400
114,0,111,0,bond2,63400
100,2,99,2,bond3,63400
162,8,154,8,bond4,63400
370,16,369,22,ETF1,63400
217,19,216,17,ETF2,63400
165,2,162,1,bond1,63500
113,0,109,0,bond2,63500
101,0,97,0,bond3,63500
159,0,157,0,bond4,63500
371,39,370,33,ETF1,63500
216,39,215,39,ETF2,63500
166,1,162,1,bond1,63600
113,0,111,0,bond2,63600
100,1,97,2,bond3,63600
162,0,154,0,bond4,63600
370,35,369,39,ETF1,63600
217,45,216,43,ETF2,63600
165,0,163,0,bond1,63700
114,1,110,1,bond2,63700
100,1,97,2,bond3,63700
164,5,154,5,bond4,63700
370,50,369,51,ETF1,63700
217,43,216,40,ETF2,63700
163,0,162,1,bond1,63800
112,0,111,0,bond2,63800
100,2,99,2,bond3,63800
163,8,153,8,bond4,63800
370,57,369,42,ETF1,63800
216,23,215,30,ETF2,63800
164,0,161,0,bond1,63900
112,1,111,0,bond2,63900
102,0,101,0,bond3,63900
162,10,154,10,bond4,63900
369,21,368,17,ETF1,63900
216,19,215,16,ETF2,63900
166,0,162,0,bond1,64000
112,1,111,1,bond2,64000
103,0,100,0,bond3,64000
163,4,155,4,bond4,64000
369,37,368,51,ETF1,64000
217,14,216,15,ETF2,64000
166,1,162,2,bond1,64100
114,2,111,1,bond2,64100
102,0,101,0,bond3,64100
164,9,156,9,bond4,64100
370,21,369,21,ETF1,64100
218,28,217,27,ETF2,64100
166,1,163,0,bond1,64200
113,0,110,1,bond2,64200
103,0,100,0,bond3,64200
164,5,156,5,bond4,64200
369,24,368,27,ETF1,64200
218,16,217,22,ETF2,64200
164,1,163,1,bond1,64300
114,0,110,1,bond2,64300
103,1,101,0,bond3,64300
161,5,155,5,bond4,64300
369,22,368,23,ETF1,64300
217,38,216,39,ETF2,64300
164,0,163,0,bond1,64400
112,2,111,2,bond2,64400
104,0,103,0,bond3,64400
162,3,154,3,bond4,64400
369,26,368,26,ETF1,64400
216,35,215,27,ETF2,64400
167,0,163,0,bond1,64500
113,0,110,0,bond2,64500
105,1,102,1,bond3,64500
163,2,157,2,bond4,64500
369,49,368,46,ETF1,64500
219,50,218,40,ETF2,64500
167,2,165,1,bond1,64600
113,0,111,0,bond2,64600
104,0,100,1,bond3,64600
162,9,158,9,bond4,64600
371,43,370,38,ETF1,64600
219,30,218,22,ETF2,64600
169,0,165,0,bond1,64700
115,0,111,0,bond2,64700
103,0,102,0,bond3,64700
164,9,156,9,bond4,64700
373,48,372,40,ETF1,64700
220,17,219,18,ETF2,64700
168,0,166,0,bond1,64800
116,1,113,2,bond2,64800
104,0,100,0,bond3,64800
165,9,157,9,bond4,64800
373,23,372,18,ETF1,64800
221,37,220,33,ETF2,64800
168,2,165,2,bond1,64900
116,1,113,0,bond2,64900
104,0,100,0,bond3,64900
165,1,157,1,bond4,64900
372,49,371,42,ETF1,64900
221,50,220,51,ETF2,64900
166,2,165,1,bond1,65000
116,2,113,2,bond2,65000
105,2,101,1,bond3,65000
165,4,155,4,bond4,65000
372,20,371,25,ETF1,65000
220,45,219,45,ETF2,65000
167,0,164,0,bond1,65100
113,1,112,2,bond2,65100
105,0,101,0,bond3,65100
163,7,155,7,bond4,65100
372,52,371,45,ETF1,65100
219,17,218,15,ETF2,65100
167,0,163,1,bond1,65200
116,0,112,0,bond2,65200
102,0,98,0,bond3,65200
163,3,155,3,bond4,65200
372,52,371,55,ETF1,65200
219,36,218,39,ETF2,65200
166,0,162,0,bond1,65300
114,2,113,1,bond2,65300
103,0,99,0,bond3,65300
162,0,154,0,bond4,65300
372,57,371,46,ETF1,65300
218,33,217,33,ETF2,65300
166,2,162,1,bond1,65400
117,1,113,1,bond2,65400
103,0,99,0,bond3,65400
160,5,154,5,bond4,65400
372,17,371,23,ETF1,65400
218,21,217,27,ETF2,65400
163,0,162,1,bond1,65500
117,2,113,1,bond2,65500
103,0,99,1,bond3,65500
156,10,154,10,bond4,65500
372,29,371,29,ETF1,65500
217,42,216,40,ETF2,65500
165,0,161,1,bond1,65600
117,0,113,1,bond2,65600
102,1,99,1,bond3,65600
159,2,151,2,bond4,65600
371,17,370,20,ETF1,65600
217,38,216,43,ETF2,65600
163,1,160,2,bond1,65700
116,1,113,1,bond2,65700
104,0,101,0,bond3,65700
157,2,153,2,bond4,65700
372,40,371,47,ETF1,65700
216,32,215,25,ETF2,65700
163,2,162,2,bond1,65800
117,0,113,0,bond2,65800
104,1,100,2,bond3,65800
160,7,150,7,bond4,65800
372,36,371,35,ETF1,65800
216,21,215,19,ETF2,65800
165,0,161,0,bond1,65900
117,1,113,1,bond2,65900
105,1,101,0,bond3,65900
160,4,150,4,bond4,65900
373,21,372,17,ETF1,65900
216,22,215,17,ETF2,65900
162,0,160,1,bond1,66000
114,0,113,0,bond2,66000
105,2,102,2,bond3,66000
156,2,152,2,bond4,66000
374,50,373,42,ETF1,66000
215,45,214,37,ETF2,66000
161,0,159,1,bond1,66100
116,2,112,2,bond2,66100
104,2,101,2,bond3,66100
158,2,150,2,bond4,66100
372,37,371,39,ETF1,66100
214,37,213,33,ETF2,66100
159,0,158,0,bond1,66200
115,0,113,0,bond2,66200
104,2,102,2,bond3,66200
157,0,147,0,bond4,66200
372,47,371,48,ETF1,66200
213,42,212,45,ETF2,66200
160,1,158,2,bond1,66300
115,1,114,1,bond2,66300
105,0,102,0,bond3,66300
156,3,148,3,bond4,66300
372,37,371,30,ETF1,66300
212,42,211,39,ETF2,66300
160,0,157,0,bond1,66400
115,1,111,1,bond2,66400
105,1,101,1,bond3,66400
156,1,148,1,bond4,66400
372,26,371,31,ETF1,66400
212,33,211,40,ETF2,66400
159,0,158,0,bond1,66500
115,1,112,2,bond2,66500
104,2,101,2,bond3,66500
154,7,148,7,bond4,66500
372,20,371,19,ETF1,66500
211,23,210,26,ETF2,66500
159,0,157,1,bond1,66600
115,0,112,0,bond2,66600
105,0,101,0,bond3,66600
155,8,147,8,bond4,66600
372,19,371,15,ETF1,66600
211,36,210,27,ETF2,66600
159,0,155,0,bond1,66700
114,1,111,1,bond2,66700
104,1,103,2,bond3,66700
155,6,147,6,bond4,66700
373,41,372,34,ETF1,66700
210,34,209,28,ETF2,66700
158,1,154,1,bond1,66800
113,1,111,1,bond2,66800
