timestamp,bid_price_1,bid_volume_1,bid_price_2,bid_volume_2,bid_price_3,bid_volume_3,ask_price_1,ask_volume_1,ask_price_2,ask_volume_2,ask_price_3,ask_volume_3,product
0,149,7,148,12,147,13,150,7,151,9,152,17,bond1
0,79,5,78,10,77,19,80,5,81,8,82,20,bond2
0,120,7,119,11,118,16,121,6,122,8,123,14,bond3
0,130,0,129,0,128,0,150,0,151,0,152,0,bond4
0,349,42,348,55,347,104,350,39,351,66,352,85,ETF1
0,185,21,184,35,183,83,186,26,187,46,188,82,ETF2
100,149,2,148,2,147,3,150,1,151,2,152,4,bond1
100,79,4,78,8,77,11,80,4,81,6,82,8,bond2
100,119,3,118,7,117,9,120,3,121,7,122,12,bond3
100,130,0,129,0,128,0,150,0,151,0,152,0,bond4
100,352,25,351,38,350,63,353,27,354,45,355,60,ETF1
100,185,33,184,54,183,80,186,31,187,54,188,84,ETF2
200,149,2,148,4,147,8,150,2,151,3,152,6,bond1
200,80,5,79,7,78,16,81,5,82,7,83,17,bond2
200,120,4,119,8,118,10,121,4,122,7,123,11,bond3
200,129,2,128,2,127,4,149,2,150,2,151,4,bond4
200,350,24,349,29,348,51,351,24,352,35,353,52,ETF1
200,185,20,184,21,183,33,186,16,187,18,188,30,ETF2
300,151,5,150,9,149,11,152,5,153,8,154,12,bond1
300,79,3,78,5,77,6,80,3,81,4,82,6,bond2
300,119,3,118,5,117,11,120,2,121,5,122,10,bond3
300,129,4,128,10,127,21,149,5,150,10,151,18,bond4
300,349,35,348,50,347,94,350,25,351,47,352,95,ETF1
300,185,32,184,39,183,71,186,28,187,45,188,61,ETF2
400,151,3,150,2,149,5,152,3,153,3,154,4,bond1
400,80,8,79,9,78,15,81,6,82,8,83,17,bond2
400,118,5,117,12,116,24,119,5,120,13,121,21,bond3
400,131,0,130,0,129,0,151,0,152,0,153,0,bond4
400,351,21,350,40,349,56,352,21,353,40,354,60,ETF1
400,186,16,185,30,184,45,187,20,188,31,189,32,ETF2
500,150,5,149,6,148,9,151,4,152,6,153,10,bond1
500,79,2,78,3,77,5,80,2,81,3,82,6,bond2
500,118,3,117,6,116,13,119,3,120,7,121,14,bond3
500,131,1,130,2,129,5,151,2,152,2,153,6,bond4
500,352,16,351,23,350,41,353,13,354,27,355,36,ETF1
500,184,30,183,55,182,111,185,30,186,43,187,92,ETF2
600,149,4,148,7,147,18,150,5,151,7,152,18,bond1
600,80,5,79,9,78,10,81,5,82,6,83,13,bond2
600,118,5,117,6,116,11,119,5,120,9,121,11,bond3
600,131,2,130,4,129,10,151,2,152,5,153,8,bond4
600,353,36,352,44,351,57,354,38,355,58,356,57,ETF1
600,183,37,182,44,181,76,184,36,185,52,186,85,ETF2
700,149,3,148,5,147,16,150,4,151,5,152,15,bond1
700,81,8,80,9,79,15,82,6,83,11,84,14,bond2
700,117,4,116,6,115,10,118,7,119,8,120,11,bond3
700,131,3,130,5,129,11,151,4,152,7,153,11,bond4
700,352,28,351,38,350,40,353,29,354,34,355,59,ETF1
700,183,32,182,35,181,56,184,29,185,42,186,51,ETF2
800,147,4,146,10,145,16,148,5,149,8,150,15,bond1
800,81,4,80,9,79,13,82,5,83,9,84,14,bond2
800,117,1,116,1,115,2,118,1,119,1,120,2,bond3
800,131,0,130,0,129,0,151,0,152,0,153,0,bond4
800,353,15,352,30,351,54,354,14,355,24,356,52,ETF1
800,184,47,183,82,182,103,185,53,186,60,187,114,ETF2
900,148,1,147,2,146,8,149,2,150,3,151,6,bond1
900,81,4,80,6,79,11,82,4,83,5,84,10,bond2
900,117,6,116,11,115,16,118,7,119,9,120,21,bond3
900,133,2,132,3,131,6,153,1,154,2,155,7,bond4
900,353,48,352,67,351,79,354,40,355,66,356,85,ETF1
900,184,50,183,99,182,170,185,45,186,96,187,181,ETF2
1000,146,3,145,5,144,9,147,2,148,5,149,13,bond1
1000,81,5,80,8,79,13,82,4,83,7,84,12,bond2
1000,118,5,117,8,116,19,119,5,120,7,121,19,bond3
1000,133,4,132,6,131,6,153,5,154,6,155,7,bond4
1000,353,38,352,76,351,99,354,37,355,76,356,97,ETF1
1000,183,19,182,31,181,32,184,21,185,24,186,30,ETF2
1100,146,3,145,5,144,11,147,4,148,6,149,13,bond1
1100,80,6,79,9,78,15,81,8,82,12,83,20,bond2
1100,118,6,117,14,116,29,119,6,120,12,121,23,bond3
1100,132,1,131,1,130,3,152,1,153,2,154,2,bond4
1100,353,28,352,46,351,56,354,31,355,49,356,67,ETF1
1100,182,29,181,68,180,112,183,27,184,67,185,84,ETF2
1200,146,3,145,6,144,9,147,3,148,6,149,9,bond1
1200,81,3,80,5,79,12,82,3,83,4,84,10,bond2
1200,119,3,118,6,117,10,120,4,121,7,122,14,bond3
1200,131,2,130,3,129,4,151,2,152,2,153,5,bond4
1200,353,31,352,37,351,57,354,37,355,47,356,53,ETF1
1200,182,24,181,61,180,95,183,34,184,47,185,99,ETF2
1300,146,1,145,2,144,6,147,2,148,2,149,8,bond1
1300,81,5,80,8,79,10,82,6,83,8,84,10,bond2
1300,119,4,118,7,117,10,120,4,121,6,122,8,bond3
1300,129,0,128,0,127,0,149,0,150,0,151,0,bond4
1300,353,32,352,39,351,43,354,25,355,34,356,52,ETF1
1300,182,38,181,59,180,131,183,35,184,65,185,166,ETF2
1400,147,4,146,6,145,10,148,4,149,6,150,11,bond1
1400,82,4,81,5,80,7,83,5,84,6,85,8,bond2
1400,120,5,119,5,118,7,121,5,122,5,123,7,bond3
1400,129,1,128,2,127,6,149,2,150,3,151,6,bond4
1400,353,33,352,37,351,60,354,27,355,40,356,52,ETF1
1400,182,28,181,50,180,95,183,25,184,53,185,97,ETF2
1500,146,4,145,5,144,8,147,3,148,5,149,8,bond1
1500,82,4,81,4,80,11,83,3,84,6,85,9,bond2
1500,121,5,120,9,119,11,122,5,123,6,124,10,bond3
1500,130,4,129,4,128,7,150,4,151,4,152,6,bond4
1500,353,54,352,81,351,158,354,56,355,86,356,184,ETF1
1500,182,24,181,49,180,101,183,26,184,36,185,82,ETF2
1600,148,5,147,8,146,9,149,5,150,7,151,9,bond1
1600,81,2,80,4,79,6,82,3,83,4,84,6,bond2
1600,120,2,119,2,118,2,121,1,122,2,123,3,bond3
1600,132,2,131,3,130,6,152,2,153,4,154,8,bond4
1600,356,43,355,59,354,139,357,47,358,66,359,122,ETF1
1600,183,21,182,43,181,77,184,23,185,43,186,63,ETF2
1700,147,3,146,4,145,5,148,2,149,4,150,7,bond1
1700,81,4,80,6,79,8,82,5,83,6,84,11,bond2
1700,119,4,118,5,117,7,120,4,121,5,122,7,bond3
1700,131,3,130,4,129,5,151,3,152,5,153,7,bond4
1700,354,49,353,50,352,87,355,55,356,59,357,74,ETF1
1700,181,22,180,42,179,96,182,22,183,49,184,125,ETF2
1800,146,6,145,15,144,27,147,7,148,11,149,28,bond1
1800,81,5,80,8,79,13,82,4,83,8,84,11,bond2
1800,119,4,118,8,117,11,120,5,121,8,122,12,bond3
1800,129,4,128,3,127,4,149,3,150,3,151,5,bond4
1800,352,37,351,66,350,115,353,32,354,70,355,125,ETF1
1800,181,21,180,33,179,40,182,24,183,28,184,56,ETF2
1900,145,5,144,10,143,17,146,5,147,11,148,20,bond1
1900,82,2,81,2,80,3,83,2,84,3,85,4,bond2
1900,120,6,119,10,118,17,121,5,122,8,123,20,bond3
1900,130,3,129,6,128,15,150,3,151,6,152,13,bond4
1900,352,19,351,25,350,31,353,19,354,23,355,39,ETF1
1900,182,48,181,63,180,150,183,46,184,61,185,115,ETF2
2000,146,6,145,9,144,12,147,8,148,8,149,10,bond1
2000,81,5,80,5,79,11,82,7,83,5,84,11,bond2
2000,121,5,120,5,119,9,122,5,123,6,124,7,bond3
2000,130,1,129,2,128,2,150,2,151,1,152,3,bond4
2000,352,23,351,36,350,43,353,23,354,39,355,51,ETF1
2000,182,22,181,42,180,71,183,22,184,32,185,65,ETF2
2100,146,4,145,6,144,12,147,3,148,8,149,17,bond1
2100,82,2,81,2,80,3,83,2,84,1,85,3,bond2
2100,120,6,119,12,118,23,121,5,122,10,123,25,bond3
2100,130,2,129,1,128,3,150,1,151,1,152,4,bond4
2100,353,34,352,55,351,78,354,25,355,46,356,75,ETF1
2100,182,50,181,52,180,77,183,47,184,52,185,94,ETF2
2200,145,2,144,3,143,5,146,2,147,3,148,5,bond1
2200,83,4,82,6,81,7,84,4,85,4,86,9,bond2
2200,120,3,119,4,118,9,121,4,122,4,123,9,bond3
2200,131,5,130,6,129,9,151,4,152,6,153,7,bond4
2200,352,18,351,23,350,37,353,18,354,23,355,39,ETF1
2200,182,46,181,63,180,62,183,47,184,59,185,70,ETF2
2300,146,7,145,14,144,19,147,7,148,11,149,18,bond1
2300,83,4,82,7,81,13,84,5,85,6,86,11,bond2
2300,121,6,120,11,119,15,122,5,123,9,124,18,bond3
2300,132,2,131,4,130,11,152,2,153,4,154,11,bond4
2300,351,42,350,47,349,70,352,31,353,58,354,67,ETF1
2300,182,18,181,34,180,61,183,20,184,44,185,76,ETF2
2400,146,3,145,5,144,11,147,3,148,5,149,11,bond1
2400,82,5,81,5,80,6,83,4,84,5,85,7,bond2
2400,121,6,120,8,119,16,122,6,123,11,124,17,bond3
2400,132,0,131,0,130,0,152,0,153,0,154,0,bond4
2400,349,35,348,43,347,46,350,32,351,36,352,48,ETF1
2400,183,53,182,79,181,126,184,51,185,76,186,170,ETF2
2500,145,3,144,5,143,10,146,4,147,6,148,8,bond1
2500,82,1,81,2,80,4,83,2,84,2,85,4,bond2
2500,119,6,118,12,117,30,120,7,121,12,122,26,bond3
2500,132,5,131,9,130,12,152,4,153,9,154,12,bond4
2500,349,33,348,44,347,102,350,34,351,58,352,86,ETF1
2500,182,47,181,42,180,61,183,37,184,60,185,58,ETF2
2600,147,4,146,6,145,13,148,4,149,6,150,10,bond1
2600,83,4,82,12,81,17,84,6,85,10,86,19,bond2
2600,120,3,119,5,118,11,121,4,122,5,123,10,bond3
2600,132,4,131,6,130,10,152,4,153,5,154,9,bond4
2600,347,28,346,46,345,113,348,29,349,61,350,85,ETF1
2600,183,25,182,41,181,79,184,21,185,39,186,78,ETF2
2700,147,3,146,6,145,14,148,4,149,7,150,13,bond1
2700,83,7,82,9,81,16,84,8,85,11,86,19,bond2
2700,122,7,121,6,120,11,123,6,124,8,125,8,bond3
2700,133,4,132,8,131,14,153,4,154,7,155,17,bond4
2700,347,23,346,38,345,79,348,31,349,37,350,64,ETF1
2700,183,25,182,29,181,53,184,27,185,31,186,41,ETF2
2800,146,2,145,2,144,3,147,2,148,3,149,3,bond1
2800,83,5,82,9,81,14,84,6,85,10,86,13,bond2
2800,122,1,121,1,120,3,123,1,124,2,125,2,bond3
2800,133,0,132,0,131,0,153,0,154,0,155,0,bond4
2800,346,42,345,74,344,167,347,45,348,85,349,139,ETF1
2800,184,35,183,40,182,49,185,33,186,40,187,60,ETF2
2900,146,2,145,3,144,3,147,3,148,3,149,3,bond1
2900,81,3,80,3,79,4,82,2,83,2,84,4,bond2
2900,123,6,122,12,121,25,124,8,125,12,126,29,bond3
2900,132,2,131,4,130,5,152,3,153,4,154,4,bond4
2900,347,35,346,61,345,71,348,28,349,47,350,73,ETF1
2900,183,20,182,30,181,37,184,23,185,30,186,36,ETF2
3000,146,3,145,5,144,7,147,2,148,4,149,8,bond1
3000,81,3,80,3,79,4,82,3,83,3,84,3,bond2
3000,124,3,123,5,122,10,125,3,126,5,127,10,bond3
3000,132,5,131,9,130,11,152,5,153,8,154,12,bond4
3000,347,36,346,90,345,155,348,39,349,93,350,130,ETF1
3000,183,23,182,30,181,38,184,27,185,34,186,51,ETF2
3100,148,6,147,7,146,12,149,8,150,7,151,10,bond1
3100,82,7,81,9,80,18,83,6,84,10,85,22,bond2
3100,124,1,123,3,122,6,125,1,126,3,127,6,bond3
3100,133,4,132,6,131,7,153,5,154,5,155,9,bond4
3100,346,37,345,92,344,128,347,50,348,63,349,110,ETF1
3100,183,49,182,58,181,114,184,44,185,70,186,122,ETF2
3200,148,2,147,3,146,5,149,1,150,2,151,6,bond1
3200,81,3,80,5,79,7,82,2,83,5,84,10,bond2
3200,124,6,123,9,122,9,125,5,126,8,127,14,bond3
3200,133,2,132,5,131,8,153,3,154,4,155,8,bond4
3200,348,34,347,53,346,87,349,26,350,52,351,94,ETF1
3200,184,42,183,59,182,75,185,46,186,49,187,89,ETF2
3300,148,4,147,5,146,7,149,3,150,4,151,7,bond1
3300,82,5,81,10,80,16,83,5,84,9,85,11,bond2
3300,125,5,124,8,123,18,126,4,127,8,128,21,bond3
3300,135,3,134,5,133,11,155,3,156,5,157,13,bond4
3300,346,40,345,62,344,136,347,47,348,82,349,121,ETF1
3300,185,29,184,72,183,123,186,25,187,59,188,115,ETF2
3400,148,6,147,7,146,8,149,5,150,7,151,10,bond1
3400,82,5,81,9,80,18,83,5,84,9,85,18,bond2
3400,123,3,122,5,121,7,124,3,125,5,126,9,bond3
3400,134,1,133,3,132,4,154,1,155,3,156,4,bond4
3400,345,44,344,62,343,66,346,52,347,74,348,94,ETF1
3400,184,27,183,45,182,63,185,28,186,45,187,51,ETF2
3500,147,1,146,2,145,2,148,1,149,1,150,3,bond1
3500,81,2,80,5,79,6,82,2,83,5,84,7,bond2
3500,122,3,121,3,120,7,123,2,124,4,125,6,bond3
3500,133,4,132,6,131,11,153,3,154,5,155,11,bond4
3500,346,45,345,61,344,101,347,38,348,63,349,103,ETF1
3500,184,21,183,31,182,47,185,24,186,35,187,50,ETF2
3600,150,5,149,9,148,14,151,5,152,9,153,14,bond1
3600,82,4,81,4,80,9,83,3,84,5,85,9,bond2
3600,122,1,121,3,120,5,123,1,124,2,125,5,bond3
3600,135,2,134,4,133,5,155,2,156,4,157,4,bond4
3600,348,22,347,26,346,33,349,24,350,33,351,41,ETF1
3600,186,21,185,22,184,27,187,14,188,24,189,29,ETF2
3700,148,4,147,9,146,19,149,4,150,8,151,14,bond1
3700,83,3,82,5,81,6,84,4,85,4,86,4,bond2
3700,122,4,121,5,120,5,123,3,124,4,125,6,bond3
3700,136,3,135,3,134,4,156,3,157,3,158,5,bond4
3700,348,29,347,76,346,132,349,39,350,67,351,96,ETF1
3700,186,23,185,39,184,79,187,23,188,49,189,67,ETF2
3800,150,2,149,3,148,5,151,3,152,3,153,6,bond1
3800,82,5,81,6,80,13,83,4,84,6,85,12,bond2
3800,122,7,121,9,120,14,123,7,124,7,125,12,bond3
3800,137,3,136,7,135,14,157,3,158,6,159,13,bond4
3800,350,14,349,16,348,24,351,17,352,19,353,21,ETF1
3800,186,14,185,25,184,54,187,21,188,30,189,44,ETF2
3900,149,4,148,8,147,15,150,5,151,9,152,12,bond1
3900,82,3,81,5,80,8,83,4,84,5,85,9,bond2
3900,121,7,120,10,119,18,122,6,123,10,124,19,bond3
3900,136,3,135,3,134,5,156,4,157,3,158,5,bond4
3900,352,45,351,54,350,58,353,40,354,44,355,61,ETF1
3900,188,26,187,56,186,83,189,27,190,51,191,101,ETF2
4000,150,6,149,11,148,25,151,8,152,14,153,25,bond1
4000,82,6,81,10,80,12,83,6,84,9,85,15,bond2
4000,122,4,121,6,120,9,123,4,124,6,125,8,bond3
4000,138,4,137,5,136,10,158,3,159,6,160,10,bond4
4000,352,25,351,55,350,78,353,26,354,52,355,72,ETF1
4000,187,18,186,28,185,42,188,23,189,32,190,49,ETF2
4100,150,7,149,12,148,23,151,7,152,11,153,17,bond1
4100,82,7,81,10,80,22,83,5,84,13,85,20,bond2
4100,122,3,121,5,120,7,123,4,124,5,125,7,bond3
4100,140,0,139,0,138,0,160,0,161,0,162,0,bond4
4100,351,26,350,54,349,84,352,30,353,41,354,102,ETF1
4100,189,22,188,30,187,40,190,23,191,32,192,41,ETF2
4200,152,2,151,3,150,4,153,1,154,3,155,4,bond1
4200,82,6,81,8,80,10,83,7,84,9,85,12,bond2
4200,122,4,121,8,120,15,123,5,124,7,125,14,bond3
4200,140,0,139,0,138,0,160,0,161,0,162,0,bond4
4200,352,41,351,61,350,92,353,33,354,54,355,118,ETF1
4200,190,48,189,46,188,60,191,50,192,61,193,61,ETF2
4300,152,4,151,5,150,8,153,3,154,6,155,7,bond1
4300,82,1,81,2,80,3,83,1,84,3,85,3,bond2
4300,121,5,120,8,119,14,122,5,123,8,124,13,bond3
4300,140,3,139,3,138,5,160,3,161,3,162,4,bond4
4300,351,26,350,33,349,34,352,22,353,30,354,34,ETF1
4300,188,44,187,76,186,159,189,42,190,72,191,127,ETF2
4400,154,5,153,8,152,12,155,7,156,10,157,11,bond1
4400,81,1,80,2,79,4,82,1,83,2,84,4,bond2
4400,120,3,119,5,118,11,121,4,122,7,123,13,bond3
4400,141,2,140,2,139,5,161,1,162,2,163,6,bond4
4400,352,12,351,23,350,34,353,17,354,19,355,36,ETF1
4400,190,29,189,66,188,149,191,34,192,73,193,114,ETF2
4500,153,1,152,3,151,8,154,2,155,3,156,6,bond1
4500,81,4,80,7,79,14,82,4,83,9,84,13,bond2
4500,121,4,120,5,119,9,122,4,123,4,124,11,bond3
4500,140,4,139,7,138,14,160,4,161,5,162,11,bond4
4500,351,32,350,45,349,88,352,25,353,53,354,72,ETF1
4500,190,24,189,40,188,71,191,23,192,32,193,75,ETF2
4600,154,3,153,8,152,14,155,3,156,6,157,12,bond1
4600,81,4,80,6,79,7,82,4,83,5,84,6,bond2
4600,121,3,120,5,119,12,122,3,123,5,124,11,bond3
4600,140,0,139,0,138,0,160,0,161,0,162,0,bond4
4600,353,35,352,49,351,83,354,44,355,53,356,68,ETF1
4600,190,48,189,85,188,134,191,45,192,81,193,125,ETF2
4700,156,5,155,8,154,13,157,7,158,8,159,16,bond1
4700,82,4,81,6,80,11,83,5,84,7,85,10,bond2
4700,121,5,120,5,119,8,122,7,123,6,124,9,bond3
4700,141,2,140,2,139,5,161,2,162,3,163,5,bond4
4700,354,23,353,33,352,35,355,22,356,26,357,45,ETF1
4700,191,31,190,56,189,53,192,34,193,42,194,62,ETF2
4800,155,6,154,12,153,22,156,7,157,10,158,20,bond1
4800,81,6,80,11,79,19,82,7,83,12,84,21,bond2
4800,120,4,119,6,118,7,121,5,122,5,123,6,bond3
4800,139,2,138,2,137,2,159,2,160,1,161,2,bond4
4800,354,14,353,26,352,50,355,16,356,23,357,54,ETF1
4800,191,28,190,45,189,75,192,31,193,48,194,68,ETF2
4900,153,4,152,5,151,12,154,4,155,6,156,11,bond1
4900,82,1,81,1,80,2,83,2,84,1,85,1,bond2
4900,122,1,121,1,120,3,123,2,124,1,125,3,bond3
4900,139,1,138,3,137,4,159,1,160,2,161,5,bond4
4900,354,39,353,55,352,83,355,36,356,71,357,84,ETF1
4900,190,37,189,42,188,52,191,40,192,52,193,73,ETF2
5000,154,4,153,9,152,12,155,4,156,7,157,14,bond1
5000,82,4,81,6,80,16,83,5,84,7,85,14,bond2
5000,122,4,121,7,120,14,123,4,124,6,125,17,bond3
5000,137,3,136,4,135,9,157,3,158,5,159,10,bond4
5000,355,38,354,61,353,57,356,48,357,44,358,68,ETF1
5000,189,25,188,37,187,68,190,19,191,45,192,57,ETF2
5100,154,4,153,5,152,10,155,4,156,5,157,9,bond1
5100,81,3,80,4,79,8,82,3,83,3,84,5,bond2
5100,123,2,122,1,121,4,124,1,125,1,126,4,bond3
5100,136,0,135,0,134,0,156,0,157,0,158,0,bond4
5100,355,28,354,51,353,43,356,38,357,39,358,61,ETF1
5100,189,17,188,39,187,61,190,24,191,35,192,60,ETF2
5200,154,2,153,3,152,5,155,1,156,3,157,6,bond1
5200,82,4,81,5,80,6,83,5,84,6,85,5,bond2
5200,121,2,120,2,119,3,122,2,123,3,124,4,bond3
5200,137,2,136,1,135,3,157,2,158,1,159,2,bond4
5200,356,29,355,43,354,62,357,29,358,42,359,67,ETF1
5200,191,32,190,70,189,114,192,33,193,62,194,89,ETF2
5300,156,4,155,4,154,7,157,5,158,5,159,6,bond1
5300,83,4,82,6,81,11,84,4,85,6,86,10,bond2
5300,121,4,120,7,119,12,122,4,123,8,124,12,bond3
5300,139,3,138,6,137,16,159,4,160,6,161,12,bond4
5300,357,33,356,66,355,141,358,32,359,67,360,102,ETF1
5300,192,17,191,32,190,65,193,19,194,40,195,62,ETF2
5400,156,3,155,4,154,4,157,3,158,3,159,6,bond1
5400,83,2,82,1,81,3,84,2,85,2,86,3,bond2
5400,121,2,120,4,119,10,122,3,123,4,124,9,bond3
5400,138,4,137,5,136,10,158,4,159,6,160,11,bond4
5400,356,47,355,69,354,132,357,47,358,84,359,111,ETF1
5400,192,43,191,62,190,81,193,34,194,67,195,77,ETF2
5500,156,7,155,8,154,20,157,5,158,9,159,17,bond1
5500,84,4,83,9,82,19,85,4,86,10,87,15,bond2
5500,122,2,121,3,120,7,123,3,124,3,125,7,bond3
5500,139,3,138,4,137,8,159,3,160,4,161,8,bond4
5500,355,39,354,60,353,100,356,40,357,61,358,80,ETF1
5500,194,14,193,30,192,40,195,16,196,30,197,47,ETF2
5600,157,2,156,4,155,4,158,2,159,4,160,5,bond1
5600,84,3,83,4,82,5,85,4,86,4,87,6,bond2
5600,121,3,120,6,119,13,122,4,123,7,124,15,bond3
5600,138,5,137,8,136,12,158,4,159,6,160,11,bond4
5600,356,16,355,35,354,45,357,19,358,30,359,47,ETF1
5600,193,20,192,34,191,52,194,20,195,41,196,44,ETF2
5700,156,1,155,2,154,4,157,1,158,2,159,5,bond1
5700,84,7,83,9,82,18,85,7,86,11,87,14,bond2
5700,121,4,120,6,119,12,122,5,123,7,124,10,bond3
5700,139,1,138,1,137,2,159,2,160,1,161,2,bond4
5700,355,43,354,87,353,160,356,45,357,79,358,137,ETF1
5700,194,16,193,24,192,26,195,20,196,20,197,29,ETF2
5800,156,4,155,6,154,7,157,4,158,5,159,8,bond1
5800,84,2,83,2,82,6,85,2,86,2,87,4,bond2
5800,121,5,120,6,119,10,122,5,123,6,124,7,bond3
5800,139,0,138,0,137,0,159,0,160,0,161,0,bond4
5800,356,36,355,56,354,82,357,32,358,47,359,83,ETF1
5800,193,41,192,65,191,158,194,46,195,82,196,163,ETF2
5900,156,5,155,9,154,13,157,5,158,8,159,11,bond1
5900,83,2,82,2,81,4,84,1,85,2,86,4,bond2
5900,121,2,120,3,119,4,122,1,123,2,124,3,bond3
5900,138,4,137,5,136,13,158,3,159,6,160,12,bond4
5900,356,14,355,33,354,44,357,18,358,26,359,57,ETF1
5900,193,38,192,80,191,188,194,44,195,80,196,195,ETF2
6000,156,4,155,5,154,6,157,4,158,4,159,7,bond1
6000,82,4,81,6,80,12,83,4,84,6,85,17,bond2
6000,122,6,121,11,120,16,123,7,124,10,125,18,bond3
6000,138,0,137,0,136,0,158,0,159,0,160,0,bond4
6000,355,28,354,38,353,84,356,21,357,43,358,74,ETF1
6000,194,38,193,46,192,79,195,32,196,51,197,79,ETF2
6100,157,6,156,6,155,9,158,6,159,6,160,9,bond1
6100,83,6,82,11,81,27,84,6,85,9,86,21,bond2
6100,122,5,121,10,120,18,123,5,124,12,125,21,bond3
6100,137,0,136,0,135,0,157,0,158,0,159,0,bond4
6100,355,20,354,35,353,68,356,22,357,34,358,81,ETF1
6100,194,30,193,49,192,69,195,24,196,33,197,65,ETF2
6200,155,5,154,8,153,13,156,5,157,9,158,14,bond1
6200,82,2,81,2,80,4,83,2,84,3,85,3,bond2
6200,122,5,121,6,120,6,123,4,124,6,125,9,bond3
6200,139,3,138,5,137,10,159,3,160,6,161,10,bond4
6200,357,38,356,61,355,88,358,42,359,58,360,76,ETF1
6200,192,17,191,19,190,34,193,17,194,24,195,27,ETF2
6300,154,6,153,9,152,25,155,5,156,10,157,22,bond1
6300,82,4,81,12,80,19,83,5,84,10,85,23,bond2
6300,121,2,120,5,119,8,122,2,123,4,124,10,bond3
6300,137,4,136,4,135,5,157,3,158,4,159,4,bond4
6300,357,17,356,33,355,73,358,18,359,36,360,55,ETF1
6300,192,38,191,52,190,64,193,37,194,52,195,84,ETF2
6400,154,2,153,4,152,5,155,3,156,3,157,5,bond1
6400,83,7,82,11,81,15,84,4,85,11,86,19,bond2
6400,120,4,119,6,118,7,121,4,122,5,123,6,bond3
6400,138,3,137,5,136,6,158,4,159,4,160,6,bond4
6400,357,33,356,86,355,155,358,33,359,83,360,140,ETF1
6400,193,35,192,70,191,113,194,27,195,69,196,142,ETF2
6500,155,3,154,4,153,10,156,3,157,4,158,10,bond1
6500,84,5,83,11,82,25,85,5,86,9,87,26,bond2
6500,121,3,120,4,119,9,122,3,123,5,124,10,bond3
6500,137,5,136,10,135,18,157,4,158,7,159,18,bond4
6500,356,36,355,69,354,147,357,48,358,86,359,189,ETF1
6500,193,12,192,23,191,31,194,12,195,20,196,29,ETF2
6600,154,2,153,4,152,10,155,3,156,4,157,9,bond1
6600,84,6,83,7,82,9,85,5,86,6,87,8,bond2
6600,120,6,119,12,118,23,121,5,122,11,123,21,bond3
6600,138,0,137,0,136,0,158,0,159,0,160,0,bond4
6600,357,43,356,90,355,142,358,42,359,93,360,162,ETF1
6600,193,34,192,68,191,108,194,32,195,62,196,128,ETF2
6700,156,1,155,3,154,5,157,1,158,2,159,5,bond1
6700,84,1,83,1,82,2,85,2,86,2,87,2,bond2
6700,119,4,118,5,117,6,120,4,121,4,122,7,bond3
6700,138,4,137,4,136,6,158,3,159,4,160,7,bond4
6700,357,38,356,69,355,96,358,37,359,54,360,109,ETF1
6700,192,28,191,32,190,57,193,30,194,38,195,50,ETF2
6800,154,3,153,3,152,6,155,3,156,3,157,6,bond1
6800,83,1,82,1,81,2,84,2,85,2,86,1,bond2
6800,120,4,119,7,118,14,121,6,122,7,123,13,bond3
6800,137,0,136,0,135,0,157,0,158,0,159,0,bond4
6800,357,20,356,36,355,73,358,20,359,48,360,69,ETF1
6800,191,27,190,33,189,54,192,28,193,41,194,65,ETF2
6900,155,7,154,12,153,21,156,5,157,8,158,20,bond1
6900,82,1,81,1,80,3,83,1,84,1,85,3,bond2
6900,121,5,120,9,119,13,122,4,123,9,124,13,bond3
6900,136,3,135,7,134,9,156,4,157,5,158,7,bond4
6900,357,36,356,29,355,39,358,30,359,41,360,37,ETF1
6900,192,40,191,105,190,176,193,52,194,113,195,187,ETF2
7000,157,1,156,2,155,4,158,1,159,1,160,4,bond1
7000,83,3,82,5,81,8,84,3,85,4,86,7,bond2
7000,121,6,120,13,119,24,122,6,123,12,124,21,bond3
7000,138,3,137,4,136,8,158,3,159,5,160,8,bond4
7000,356,23,355,35,354,78,357,20,358,38,359,54,ETF1
7000,194,20,193,50,192,73,195,28,196,46,197,67,ETF2
7100,158,3,157,4,156,6,159,4,160,5,161,7,bond1
7100,82,3,81,4,80,9,83,3,84,4,85,7,bond2
7100,120,3,119,7,118,13,121,4,122,7,123,12,bond3
7100,138,0,137,0,136,0,158,0,159,0,160,0,bond4
7100,355,27,354,52,353,89,356,32,357,48,358,89,ETF1
7100,194,51,193,91,192,169,195,50,196,70,197,139,ETF2
7200,156,5,155,7,154,12,157,6,158,8,159,10,bond1
7200,83,7,82,7,81,15,84,6,85,7,86,12,bond2
7200,120,8,119,9,118,8,121,5,122,7,123,9,bond3
7200,137,0,136,0,135,0,157,0,158,0,159,0,bond4
7200,356,32,355,33,354,62,357,28,358,35,359,65,ETF1
7200,194,49,193,54,192,103,195,44,196,69,197,102,ETF2
7300,156,2,155,3,154,4,157,1,158,3,159,5,bond1
7300,82,7,81,11,80,25,83,6,84,13,85,23,bond2
7300,122,1,121,3,120,7,123,1,124,2,125,6,bond3
7300,137,2,136,2,135,3,157,2,158,2,159,2,bond4
7300,355,45,354,71,353,98,356,35,357,53,358,91,ETF1
7300,192,29,191,44,190,71,193,29,194,42,195,83,ETF2
7400,155,4,154,9,153,11,156,5,157,7,158,12,bond1
7400,84,3,83,5,82,12,85,3,86,6,87,17,bond2
7400,122,6,121,8,120,14,123,5,124,10,125,11,bond3
7400,138,3,137,5,136,8,158,4,159,5,160,10,bond4
7400,356,21,355,33,354,64,357,23,358,35,359,56,ETF1
7400,193,32,192,58,191,124,194,31,195,59,196,135,ETF2
7500,156,4,155,8,154,10,157,4,158,8,159,9,bond1
7500,83,6,82,13,81,24,84,5,85,9,86,21,bond2
7500,121,2,120,4,119,10,122,2,123,4,124,9,bond3
7500,137,4,136,4,135,5,157,4,158,4,159,5,bond4
7500,357,15,356,21,355,31,358,13,359,20,360,38,ETF1
7500,193,46,192,55,191,121,194,47,195,70,196,90,ETF2
7600,156,5,155,12,154,25,157,6,158,9,159,17,bond1
7600,84,2,83,4,82,7,85,3,86,4,87,7,bond2
7600,122,3,121,5,120,15,123,4,124,7,125,10,bond3
7600,136,5,135,9,134,13,156,4,157,8,158,14,bond4
7600,356,44,355,93,354,113,357,39,358,65,359,159,ETF1
7600,193,22,192,28,191,43,194,21,195,38,196,37,ETF2
7700,156,2,155,1,154,3,157,1,158,2,159,3,bond1
7700,82,3,81,6,80,10,83,3,84,7,85,9,bond2
7700,123,3,122,5,121,9,124,3,125,4,126,10,bond3
7700,135,4,134,6,133,10,155,4,156,6,157,11,bond4
7700,355,31,354,79,353,140,356,34,357,68,358,107,ETF1
7700,192,33,191,69,190,94,193,36,194,50,195,88,ETF2
7800,157,3,156,5,155,7,158,4,159,5,160,9,bond1
7800,82,7,81,8,80,12,83,7,84,9,85,12,bond2
7800,123,2,122,3,121,4,124,3,125,4,126,4,bond3
7800,137,3,136,3,135,7,157,3,158,4,159,6,bond4
7800,358,40,357,59,356,71,359,45,360,68,361,93,ETF1
7800,194,39,193,54,192,53,195,37,196,53,197,61,ETF2
7900,156,5,155,8,154,15,157,4,158,8,159,16,bond1
7900,83,7,82,9,81,12,84,7,85,11,86,15,bond2
7900,123,4,122,4,121,5,124,3,125,5,126,4,bond3
7900,136,2,135,3,134,7,156,2,157,2,158,7,bond4
7900,357,32,356,56,355,78,358,34,359,41,360,71,ETF1
7900,194,39,193,53,192,94,195,32,196,64,197,89,ETF2
8000,156,7,155,7,154,8,157,7,158,7,159,10,bond1
8000,83,1,82,2,81,5,84,1,85,3,86,5,bond2
8000,124,5,123,8,122,9,125,4,126,5,127,11,bond3
8000,133,0,132,0,131,0,153,0,154,0,155,0,bond4
8000,357,20,356,33,355,49,358,23,359,32,360,52,ETF1
8000,191,30,190,43,189,48,192,31,193,39,194,60,ETF2
8100,153,1,152,1,151,2,154,1,155,1,156,2,bond1
8100,81,7,80,11,79,32,82,6,83,13,84,32,bond2
8100,123,5,122,12,121,25,124,5,125,12,126,23,bond3
8100,132,5,131,8,130,15,152,4,153,7,154,12,bond4
8100,358,34,357,60,356,62,359,47,360,44,361,82,ETF1
8100,189,54,188,54,187,86,190,52,191,53,192,90,ETF2
8200,154,4,153,8,152,21,155,7,156,8,157,20,bond1
8200,83,3,82,5,81,5,84,4,85,4,86,7,bond2
8200,123,3,122,4,121,7,124,4,125,5,126,5,bond3
8200,129,4,128,6,127,15,149,4,150,5,151,17,bond4
8200,359,19,358,32,357,52,360,22,361,26,362,45,ETF1
8200,187,31,186,51,185,70,188,26,189,38,190,57,ETF2
8300,154,4,153,9,152,15,155,5,156,8,157,13,bond1
8300,83,3,82,5,81,9,84,4,85,5,86,10,bond2
8300,123,5,122,7,121,9,124,5,125,6,126,11,bond3
8300,130,5,129,5,128,6,150,5,151,5,152,9,bond4
8300,358,47,357,71,356,172,359,35,360,65,361,137,ETF1
8300,188,32,187,54,186,71,189,27,190,55,191,86,ETF2
8400,153,1,152,3,151,3,154,1,155,3,156,4,bond1
8400,84,4,83,7,82,15,85,4,86,7,87,17,bond2
8400,120,6,119,13,118,28,121,8,122,12,123,24,bond3
8400,129,4,128,4,127,6,149,4,150,5,151,6,bond4
8400,357,16,356,32,355,35,358,21,359,23,360,30,ETF1
8400,188,36,187,69,186,124,189,34,190,61,191,106,ETF2
8500,154,5,153,5,152,7,155,5,156,6,157,6,bond1
8500,83,3,82,6,81,9,84,3,85,5,86,10,bond2
8500,120,5,119,7,118,10,121,5,122,6,123,11,bond3
8500,130,0,129,0,128,0,150,0,151,0,152,0,bond4
8500,356,42,355,78,354,108,357,40,358,61,359,88,ETF1
8500,190,30,189,57,188,99,191,38,192,62,193,109,ETF2
8600,154,6,153,11,152,20,155,5,156,15,157,22,bond1
8600,83,5,82,8,81,18,84,4,85,8,86,13,bond2
8600,120,4,119,3,118,4,121,3,122,3,123,5,bond3
8600,129,3,128,4,127,8,149,3,150,3,151,6,bond4
8600,355,41,354,78,353,121,356,36,357,70,358,130,ETF1
8600,190,15,189,23,188,40,191,19,192,20,193,36,ETF2
8700,155,3,154,3,153,5,156,2,157,3,158,6,bond1
8700,82,1,81,2,80,4,83,1,84,3,85,4,bond2
8700,119,5,118,10,117,15,120,6,121,7,122,17,bond3
8700,130,0,129,0,128,0,150,0,151,0,152,0,bond4
8700,355,28,354,37,353,47,356,25,357,40,358,50,ETF1
8700,189,42,188,70,187,107,190,37,191,66,192,81,ETF2
8800,154,1,153,2,152,3,155,2,156,2,157,3,bond1
8800,82,6,81,7,80,8,83,5,84,6,85,8,bond2
8800,122,6,121,13,120,23,123,7,124,13,125,23,bond3
8800,130,0,129,0,128,0,150,0,151,0,152,0,bond4
8800,356,21,355,27,354,30,357,20,358,18,359,28,ETF1
8800,188,20,187,39,186,48,189,28,190,37,191,43,ETF2
8900,155,2,154,2,153,6,156,2,157,2,158,5,bond1
8900,82,3,81,4,80,8,83,3,84,4,85,8,bond2
8900,119,6,118,11,117,13,120,6,121,9,122,15,bond3
8900,131,2,130,2,129,6,151,1,152,3,153,6,bond4
8900,355,23,354,58,353,97,356,26,357,60,358,101,ETF1
8900,190,48,189,46,188,64,191,44,192,60,193,58,ETF2
9000,154,5,153,11,152,21,155,6,156,9,157,22,bond1
9000,83,3,82,3,81,5,84,2,85,4,86,6,bond2
9000,120,2,119,3,118,6,121,3,122,4,123,6,bond3
9000,131,4,130,8,129,14,151,4,152,7,153,13,bond4
9000,354,57,353,86,352,129,355,44,356,66,357,101,ETF1
9000,188,28,187,50,186,55,189,36,190,45,191,70,ETF2
9100,153,2,152,5,151,8,154,3,155,4,156,9,bond1
9100,83,1,82,2,81,3,84,1,85,2,86,3,bond2
9100,120,4,119,5,118,9,121,3,122,5,123,8,bond3
9100,132,4,131,7,130,12,152,5,153,7,154,15,bond4
9100,357,18,356,32,355,65,358,21,359,28,360,50,ETF1
9100,190,20,189,24,188,39,191,16,192,20,193,38,ETF2
9200,153,5,152,8,151,17,154,4,155,8,156,16,bond1
9200,82,7,81,7,80,11,83,5,84,8,85,9,bond2
9200,121,2,120,2,119,7,122,2,123,3,124,7,bond3
9200,132,0,131,0,130,0,152,0,153,0,154,0,bond4
9200,354,45,353,64,352,123,355,43,356,75,357,145,ETF1
9200,190,16,189,28,188,34,191,17,192,24,193,35,ETF2
9300,155,3,154,5,153,15,156,4,157,6,158,17,bond1
9300,82,2,81,4,80,7,83,2,84,5,85,7,bond2
9300,121,2,120,4,119,6,122,2,123,4,124,5,bond3
9300,135,1,134,2,133,3,155,2,156,2,157,4,bond4
9300,354,43,353,81,352,127,355,34,356,73,357,136,ETF1
9300,191,28,190,45,189,84,192,34,193,45,194,117,ETF2
9400,154,2,153,2,152,4,155,1,156,2,157,4,bond1
9400,83,5,82,8,81,16,84,5,85,9,86,19,bond2
9400,120,6,119,6,118,9,121,5,122,8,123,11,bond3
9400,134,5,133,8,132,9,154,4,155,8,156,13,bond4
9400,354,20,353,23,352,43,355,19,356,23,357,32,ETF1
9400,190,22,189,36,188,60,191,22,192,41,193,75,ETF2
9500,155,4,154,10,153,15,156,4,157,8,158,19,bond1
9500,82,2,81,3,80,6,83,2,84,4,85,6,bond2
9500,120,4,119,9,118,14,121,6,122,7,123,16,bond3
9500,134,3,133,4,132,8,154,2,155,4,156,12,bond4
9500,356,32,355,48,354,73,357,33,358,36,359,57,ETF1
9500,191,22,190,64,189,99,192,22,193,46,194,91,ETF2
9600,154,3,153,5,152,9,155,3,156,4,157,7,bond1
9600,82,2,81,5,80,8,83,3,84,5,85,8,bond2
9600,121,6,120,10,119,13,122,8,123,9,124,11,bond3
9600,134,4,133,5,132,7,154,3,155,5,156,6,bond4
9600,357,49,356,71,355,113,358,55,359,92,360,123,ETF1
9600,189,36,188,40,187,70,190,31,191,49,192,69,ETF2
9700,153,5,152,9,151,19,154,5,155,9,156,20,bond1
9700,82,4,81,5,80,8,83,4,84,5,85,6,bond2
9700,120,3,119,6,118,10,121,3,122,5,123,11,bond3
9700,133,4,132,4,131,9,153,3,154,5,155,7,bond4
9700,356,42,355,86,354,154,357,38,358,77,359,165,ETF1
9700,189,26,188,32,187,72,190,23,191,42,192,57,ETF2
9800,155,8,154,11,153,19,156,7,157,13,158,20,bond1
9800,83,2,82,3,81,7,84,3,85,4,86,8,bond2
9800,121,6,120,7,119,10,122,8,123,9,124,8,bond3
9800,133,5,132,7,131,13,153,5,154,8,155,17,bond4
9800,357,25,356,56,355,92,358,33,359,51,360,89,ETF1
9800,190,21,189,51,188,86,191,28,192,40,193,72,ETF2
9900,154,2,153,2,152,4,155,2,156,2,157,3,bond1
9900,83,5,82,11,81,18,84,7,85,11,86,14,bond2
9900,121,7,120,7,119,14,122,7,123,8,124,14,bond3
9900,134,1,133,2,132,6,154,1,155,3,156,5,bond4
9900,358,42,357,94,356,185,359,52,360,75,361,156,ETF1
9900,190,13,189,24,188,43,191,18,192,30,193,47,ETF2
10000,154,5,153,7,152,10,155,6,156,9,157,8,bond1
10000,82,2,81,1,80,3,83,1,84,2,85,3,bond2
10000,122,5,121,6,120,7,123,6,124,7,125,8,bond3
10000,132,0,131,0,130,0,152,0,153,0,154,0,bond4
10000,360,15,359,18,358,26,361,15,362,24,363,28,ETF1
10000,189,30,188,46,187,49,190,31,191,46,192,47,ETF2
10100,155,4,154,4,153,6,156,4,157,4,158,5,bond1
10100,81,8,80,10,79,12,82,5,83,9,84,14,bond2
10100,123,4,122,9,121,11,124,5,125,8,126,9,bond3
10100,132,2,131,4,130,6,152,2,153,3,154,5,bond4
10100,358,26,357,45,356,83,359,27,360,47,361,76,ETF1
10100,191,38,190,52,189,88,192,47,193,66,194,76,ETF2
10200,154,4,153,9,152,13,155,5,156,8,157,14,bond1
10200,82,1,81,1,80,3,83,2,84,2,85,3,bond2
10200,122,5,121,11,120,20,123,6,124,12,125,23,bond3
10200,131,4,130,7,129,10,151,3,152,6,153,7,bond4
10200,359,17,358,31,357,45,360,16,361,25,362,31,ETF1
10200,189,27,188,34,187,70,190,24,191,46,192,79,ETF2
10300,153,6,152,8,151,11,154,7,155,10,156,11,bond1
10300,82,7,81,7,80,13,83,7,84,8,85,14,bond2
10300,121,4,120,7,119,13,122,4,123,7,124,12,bond3
10300,131,0,130,0,129,0,151,0,152,0,153,0,bond4
10300,357,14,356,17,355,26,358,15,359,22,360,23,ETF1
10300,188,32,187,54,186,123,189,26,190,58,191,103,ETF2
10400,154,1,153,1,152,2,155,2,156,2,157,3,bond1
10400,82,5,81,12,80,20,83,6,84,11,85,19,bond2
10400,121,4,120,4,119,6,122,3,123,5,124,7,bond3
10400,132,3,131,4,130,6,152,3,153,4,154,5,bond4
10400,359,31,358,34,357,52,360,26,361,42,362,55,ETF1
10400,189,38,188,64,187,124,190,50,191,58,192,115,ETF2
10500,154,5,153,5,152,6,155,5,156,5,157,5,bond1
10500,82,7,81,9,80,17,83,7,84,11,85,15,bond2
10500,120,5,119,8,118,15,121,5,122,10,123,11,bond3
10500,133,2,132,5,131,12,153,2,154,5,155,11,bond4
10500,357,27,356,34,355,46,358,19,359,40,360,53,ETF1
10500,190,32,189,65,188,102,191,36,192,65,193,100,ETF2
10600,154,2,153,2,152,3,155,2,156,3,157,4,bond1
10600,82,4,81,5,80,9,83,3,84,5,85,7,bond2
10600,120,6,119,9,118,17,121,5,122,11,123,16,bond3
10600,132,2,131,4,130,8,152,2,153,5,154,6,bond4
10600,361,19,360,27,359,32,362,14,363,26,364,29,ETF1
10600,189,18,188,26,187,54,190,19,191,29,192,40,ETF2
10700,155,3,154,4,153,6,156,3,157,4,158,7,bond1
10700,83,4,82,4,81,7,84,4,85,4,86,7,bond2
10700,120,5,119,11,118,17,121,6,122,11,123,16,bond3
10700,131,0,130,0,129,0,151,0,152,0,153,0,bond4
10700,361,40,360,54,359,110,362,34,363,66,364,93,ETF1
10700,190,50,189,59,188,86,191,39,192,76,193,100,ETF2
10800,153,5,152,6,151,14,154,5,155,8,156,14,bond1
10800,83,5,82,8,81,16,84,5,85,9,86,14,bond2
10800,119,6,118,8,117,11,120,6,121,7,122,15,bond3
10800,129,5,128,9,127,21,149,5,150,9,151,21,bond4
10800,357,41,356,59,355,76,358,48,359,51,360,56,ETF1
10800,189,43,188,79,187,102,190,41,191,71,192,133,ETF2
10900,155,3,154,4,153,6,156,4,157,5,158,6,bond1
10900,81,4,80,5,79,7,82,3,83,5,84,9,bond2
10900,119,7,118,8,117,17,120,7,121,10,122,16,bond3
10900,129,2,128,5,127,9,149,2,150,4,151,8,bond4
10900,357,28,356,45,355,78,358,33,359,51,360,108,ETF1
10900,188,41,187,56,186,60,189,32,190,58,191,66,ETF2
11000,156,1,155,2,154,3,157,2,158,2,159,2,bond1
11000,83,4,82,6,81,13,84,3,85,5,86,9,bond2
11000,119,4,118,5,117,6,120,3,121,4,122,5,bond3
11000,131,4,130,5,129,11,151,4,152,5,153,12,bond4
11000,358,22,357,33,356,51,359,24,360,26,361,39,ETF1
11000,189,42,188,66,187,116,190,40,191,65,192,126,ETF2
11100,155,5,154,8,153,13,156,5,157,7,158,12,bond1
11100,82,4,81,10,80,13,83,5,84,8,85,18,bond2
11100,119,7,118,13,117,21,120,8,121,15,122,21,bond3
11100,132,3,131,4,130,10,152,2,153,5,154,11,bond4
11100,358,37,357,44,356,64,359,32,360,44,361,48,ETF1
11100,190,29,189,54,188,89,191,27,192,58,193,103,ETF2
11200,156,2,155,4,154,10,157,3,158,4,159,9,bond1
11200,83,4,82,7,81,12,84,4,85,6,86,11,bond2
11200,119,3,118,5,117,8,120,2,121,5,122,10,bond3
11200,131,4,130,7,129,12,151,5,152,8,153,13,bond4
11200,359,25,358,42,357,81,360,24,361,55,362,99,ETF1
11200,190,36,189,56,188,64,191,38,192,54,193,66,ETF2
11300,157,3,156,5,155,10,158,3,159,5,160,10,bond1
11300,83,2,82,1,81,2,84,1,85,1,86,3,bond2
11300,119,5,118,8,117,14,120,4,121,8,122,15,bond3
11300,131,3,130,4,129,8,151,2,152,5,153,11,bond4
11300,357,50,356,59,355,106,358,36,359,75,360,84,ETF1
11300,192,17,191,39,190,43,193,25,194,35,195,57,ETF2
11400,157,2,156,4,155,6,158,3,159,4,160,5,bond1
11400,82,4,81,6,80,8,83,4,84,7,85,10,bond2
11400,119,6,118,5,117,8,120,5,121,7,122,8,bond3
11400,131,2,130,4,129,6,151,2,152,3,153,9,bond4
11400,357,29,356,52,355,89,358,29,359,56,360,82,ETF1
11400,190,35,189,51,188,80,191,32,192,57,193,81,ETF2
11500,156,6,155,10,154,19,157,7,158,12,159,20,bond1
11500,83,5,82,5,81,7,84,5,85,5,86,8,bond2
11500,118,6,117,11,116,14,119,6,120,10,121,12,bond3
11500,131,0,130,0,129,0,151,0,152,0,153,0,bond4
11500,356,37,355,39,354,55,357,42,358,44,359,48,ETF1
11500,191,42,190,55,189,100,192,37,193,67,194,91,ETF2
11600,156,4,155,6,154,16,157,4,158,7,159,13,bond1
11600,80,3,79,4,78,11,81,3,82,6,83,11,bond2
11600,119,2,118,1,117,3,120,2,121,1,122,3,bond3
11600,131,4,130,8,129,20,151,4,152,8,153,17,bond4
11600,356,16,355,33,354,68,357,18,358,35,359,62,ETF1
11600,191,47,190,83,189,134,192,49,193,60,194,155,ETF2
11700,156,7,155,10,154,20,157,7,158,11,159,21,bond1
11700,80,2,79,4,78,6,81,2,82,3,83,5,bond2
11700,119,7,118,12,117,14,120,8,121,9,122,19,bond3
11700,131,0,130,0,129,0,151,0,152,0,153,0,bond4
11700,354,45,353,72,352,132,355,54,356,74,357,144,ETF1
11700,191,42,190,59,189,65,192,49,193,57,194,55,ETF2
11800,156,2,155,2,154,5,157,1,158,2,159,4,bond1
11800,81,6,80,8,79,13,82,6,83,8,84,11,bond2
11800,119,2,118,2,117,3,120,2,121,2,122,4,bond3
11800,131,4,130,10,129,14,151,5,152,8,153,18,bond4
11800,356,53,355,61,354,84,357,36,358,73,359,73,ETF1
11800,190,34,189,39,188,67,191,26,192,45,193,64,ETF2
11900,158,3,157,4,156,7,159,4,160,4,161,7,bond1
11900,80,3,79,4,78,8,81,3,82,5,83,9,bond2
11900,120,3,119,4,118,7,121,4,122,5,123,6,bond3
11900,131,3,130,6,129,15,151,3,152,7,153,15,bond4
11900,357,28,356,45,355,58,358,20,359,42,360,75,ETF1
11900,191,36,190,50,189,75,192,47,193,63,194,70,ETF2
12000,157,4,156,9,155,13,158,5,159,8,160,13,bond1
12000,80,6,79,6,78,10,81,6,82,6,83,9,bond2
12000,118,1,117,2,116,3,119,2,120,1,121,2,bond3
12000,129,3,128,7,127,14,149,3,150,6,151,14,bond4
12000,359,20,358,35,357,48,360,25,361,37,362,52,ETF1
12000,191,39,190,86,189,141,192,44,193,66,194,140,ETF2
12100,156,7,155,7,154,10,157,6,158,10,159,10,bond1
12100,81,1,80,3,79,4,82,2,83,2,84,4,bond2
12100,119,4,118,10,117,19,120,6,121,9,122,21,bond3
12100,130,4,129,7,128,15,150,5,151,7,152,15,bond4
12100,358,39,357,61,356,154,359,45,360,64,361,140,ETF1
12100,190,31,189,59,188,132,191,27,192,65,193,98,ETF2
12200,156,2,155,2,154,8,157,1,158,2,159,5,bond1
12200,79,1,78,3,77,5,80,1,81,2,82,5,bond2
12200,120,4,119,5,118,9,121,5,122,5,123,8,bond3
12200,128,0,127,0,126,0,148,0,149,0,150,0,bond4
12200,357,18,356,44,355,100,358,17,359,49,360,71,ETF1
12200,189,23,188,41,187,87,190,23,191,52,192,78,ETF2
12300,156,4,155,4,154,6,157,3,158,5,159,5,bond1
12300,79,2,78,3,77,5,80,2,81,3,82,6,bond2
12300,118,1,117,1,116,3,119,2,120,1,121,4,bond3
12300,126,3,125,5,124,9,146,4,147,5,148,12,bond4
12300,357,46,356,49,355,72,358,42,359,52,360,68,ETF1
12300,189,50,188,66,187,65,190,50,191,60,192,89,ETF2
12400,156,5,155,7,154,17,157,5,158,10,159,16,bond1
12400,79,3,78,6,77,12,80,3,81,7,82,12,bond2
12400,118,4,117,9,116,18,119,5,120,10,121,18,bond3
12400,126,4,125,4,124,9,146,4,147,5,148,7,bond4
12400,358,51,357,55,356,72,359,37,360,66,361,62,ETF1
12400,187,42,186,51,185,99,188,32,189,50,190,111,ETF2
12500,155,2,154,4,153,6,156,3,157,4,158,7,bond1
12500,80,2,79,4,78,5,81,3,82,3,83,4,bond2
12500,118,6,117,10,116,11,119,5,120,8,121,14,bond3
12500,126,0,125,0,124,0,146,0,147,0,148,0,bond4
12500,358,24,357,62,356,140,359,32,360,58,361,110,ETF1
12500,189,30,188,60,187,118,190,42,191,62,192,111,ETF2
12600,156,5,155,8,154,8,157,8,158,7,159,8,bond1
12600,80,4,79,8,78,16,81,5,82,10,83,20,bond2
12600,118,3,117,4,116,6,119,3,120,4,121,6,bond3
12600,127,0,126,0,125,0,147,0,148,0,149,0,bond4
12600,358,41,357,52,356,52,359,34,360,53,361,62,ETF1
12600,189,36,188,54,187,129,190,34,191,49,192,92,ETF2
12700,156,4,155,5,154,5,157,4,158,4,159,7,bond1
12700,80,3,79,4,78,5,81,3,82,3,83,6,bond2
12700,119,6,118,7,117,10,120,6,121,9,122,10,bond3
12700,127,4,126,7,125,13,147,4,148,9,149,13,bond4
12700,359,31,358,39,357,70,360,25,361,54,362,76,ETF1
12700,190,21,189,45,188,102,191,21,192,47,193,93,ETF2
12800,156,5,155,12,154,19,157,5,158,13,159,21,bond1
12800,80,7,79,11,78,13,81,7,82,10,83,14,bond2
12800,118,5,117,6,116,14,119,5,120,9,121,16,bond3
12800,128,1,127,3,126,8,148,1,149,3,150,6,bond4
12800,358,44,357,69,356,105,359,36,360,59,361,108,ETF1
12800,189,56,188,78,187,86,190,50,191,77,192,110,ETF2
12900,158,2,157,3,156,4,159,2,160,3,161,5,bond1
12900,79,3,78,2,77,4,80,3,81,3,82,4,bond2
12900,118,3,117,2,116,4,119,3,120,3,121,4,bond3
12900,130,3,129,4,128,8,150,2,151,5,152,9,bond4
12900,358,23,357,53,356,76,359,23,360,39,361,98,ETF1
12900,190,39,189,81,188,160,191,41,192,81,193,180,ETF2
13000,156,5,155,10,154,15,157,5,158,8,159,19,bond1
13000,79,6,78,7,77,13,80,5,81,8,82,14,bond2
13000,118,2,117,1,116,3,119,2,120,1,121,2,bond3
13000,131,4,130,6,129,10,151,4,152,7,153,9,bond4
13000,359,48,358,62,357,70,360,36,361,52,362,71,ETF1
13000,191,34,190,36,189,63,192,26,193,36,194,55,ETF2
13100,157,6,156,10,155,14,158,6,159,8,160,14,bond1
13100,80,6,79,8,78,12,81,4,82,9,83,11,bond2
13100,118,6,117,15,116,24,119,7,120,11,121,26,bond3
13100,131,3,130,6,129,10,151,3,152,5,153,8,bond4
13100,361,43,360,79,359,91,362,44,363,58,364,83,ETF1
13100,191,12,190,29,189,61,192,18,193,30,194,48,ETF2
13200,157,5,156,10,155,20,158,6,159,12,160,19,bond1
13200,78,2,77,2,76,3,79,2,80,3,81,3,bond2
13200,118,1,117,3,116,5,119,1,120,3,121,6,bond3
13200,132,2,131,2,130,4,152,2,153,2,154,3,bond4
13200,362,48,361,74,360,87,363,44,364,80,365,100,ETF1
13200,190,26,189,32,188,40,191,23,192,39,193,37,ETF2
13300,156,3,155,6,154,16,157,4,158,7,159,13,bond1
13300,78,4,77,5,76,6,79,3,80,4,81,6,bond2
13300,118,6,117,10,116,19,119,5,120,9,121,20,bond3
13300,131,1,130,1,129,3,151,2,152,1,153,3,bond4
13300,359,47,358,73,357,154,360,41,361,80,362,167,ETF1
13300,189,21,188,50,187,87,190,28,191,38,192,82,ETF2
13400,158,4,157,4,156,8,159,3,160,4,161,8,bond1
13400,78,2,77,2,76,5,79,2,80,3,81,4,bond2
13400,118,2,117,2,116,6,119,1,120,2,121,6,bond3
13400,133,4,132,6,131,13,153,4,154,7,155,10,bond4
13400,362,23,361,34,360,68,363,25,364,37,365,60,ETF1
13400,189,30,188,26,187,34,190,30,191,29,192,37,ETF2
13500,158,4,157,8,156,10,159,3,160,5,161,12,bond1
13500,80,2,79,4,78,9,81,2,82,5,83,11,bond2
13500,117,8,116,6,115,11,118,5,119,7,120,11,bond3
13500,132,0,131,0,130,0,152,0,153,0,154,0,bond4
13500,362,29,361,56,360,92,363,32,364,52,365,124,ETF1
13500,189,40,188,47,187,76,190,47,191,67,192,69,ETF2
13600,157,4,156,5,155,9,158,4,159,7,160,7,bond1
13600,79,5,78,12,77,25,80,6,81,10,82,22,bond2
13600,116,6,115,9,114,11,117,7,118,9,119,12,bond3
13600,132,2,131,5,130,8,152,3,153,5,154,9,bond4
13600,361,35,360,72,359,102,362,34,363,75,364,128,ETF1
13600,190,37,189,58,188,94,191,37,192,66,193,70,ETF2
13700,159,3,158,3,157,4,160,3,161,4,162,4,bond1
13700,80,3,79,5,78,5,81,3,82,4,83,7,bond2
13700,117,2,116,1,115,3,118,2,119,1,120,4,bond3
13700,132,0,131,0,130,0,152,0,153,0,154,0,bond4
13700,360,30,359,48,358,61,361,32,362,41,363,57,ETF1
13700,191,21,190,33,189,45,192,20,193,36,194,42,ETF2
13800,157,3,156,7,155,15,158,4,159,7,160,11,bond1
13800,81,3,80,7,79,9,82,4,83,6,84,12,bond2
13800,118,6,117,9,116,11,119,7,120,9,121,11,bond3
13800,132,0,131,0,130,0,152,0,153,0,154,0,bond4
13800,361,28,360,58,359,117,362,33,363,46,364,96,ETF1
13800,191,42,190,74,189,159,192,45,193,88,194,141,ETF2
13900,158,6,157,10,156,14,159,5,160,7,161,13,bond1
13900,81,4,80,6,79,13,82,3,83,8,84,10,bond2
13900,118,3,117,3,116,4,119,3,120,4,121,4,bond3
13900,133,0,132,0,131,0,153,0,154,0,155,0,bond4
13900,363,23,362,40,361,63,364,24,365,35,366,71,ETF1
13900,193,26,192,29,191,58,194,29,195,34,196,50,ETF2
14000,158,4,157,5,156,9,159,4,160,6,161,9,bond1
14000,81,4,80,7,79,11,82,3,83,7,84,10,bond2
14000,119,6,118,9,117,13,120,5,121,10,122,14,bond3
14000,133,0,132,0,131,0,153,0,154,0,155,0,bond4
14000,362,45,361,72,360,155,363,39,364,75,365,189,ETF1
14000,191,20,190,28,189,49,192,21,193,33,194,46,ETF2
14100,157,3,156,5,155,11,158,4,159,5,160,11,bond1
14100,80,3,79,7,78,14,81,3,82,7,83,15,bond2
14100,117,5,116,6,115,7,118,5,119,6,120,5,bond3
14100,134,0,133,0,132,0,154,0,155,0,156,0,bond4
14100,363,21,362,32,361,73,364,18,365,46,366,73,ETF1
14100,192,31,191,40,190,48,193,29,194,41,195,53,ETF2
14200,156,6,155,9,154,17,157,6,158,9,159,20,bond1
14200,81,4,80,4,79,7,82,4,83,5,84,5,bond2
14200,117,1,116,1,115,3,118,2,119,1,120,3,bond3
14200,132,2,131,2,130,3,152,2,153,1,154,3,bond4
14200,360,20,359,44,358,89,361,18,362,44,363,85,ETF1
14200,191,20,190,26,189,41,192,22,193,26,194,49,ETF2
14300,157,6,156,9,155,17,158,6,159,7,160,17,bond1
14300,82,1,81,2,80,2,83,2,84,2,85,3,bond2
14300,117,5,116,7,115,13,118,4,119,8,120,12,bond3
14300,134,4,133,4,132,7,154,3,155,4,156,6,bond4
14300,359,38,358,91,357,155,360,40,361,77,362,129,ETF1
14300,191,24,190,35,189,50,192,21,193,34,194,52,ETF2
14400,159,2,158,4,157,5,160,3,161,4,162,5,bond1
14400,81,6,80,9,79,14,82,6,83,9,84,18,bond2
14400,119,4,118,8,117,12,120,3,121,8,122,15,bond3
14400,134,2,133,3,132,5,154,2,155,2,156,6,bond4
14400,359,23,358,48,357,77,360,29,361,43,362,68,ETF1
14400,193,34,192,53,191,70,194,37,195,63,196,82,ETF2
14500,158,7,157,14,156,19,159,6,160,11,161,23,bond1
14500,81,5,80,6,79,11,82,5,83,8,84,13,bond2
14500,120,3,119,5,118,14,121,4,122,8,123,15,bond3
14500,135,3,134,4,133,5,155,3,156,3,157,5,bond4
14500,358,30,357,48,356,101,359,35,360,56,361,105,ETF1
14500,191,38,190,60,189,113,192,43,193,72,194,81,ETF2
14600,157,2,156,2,155,6,158,2,159,2,160,7,bond1
14600,80,2,79,2,78,5,81,1,82,3,83,6,bond2
14600,119,4,118,9,117,20,120,4,121,8,122,19,bond3
14600,136,5,135,5,134,9,156,4,157,8,158,11,bond4
14600,358,27,357,44,356,81,359,33,360,42,361,89,ETF1
14600,192,32,191,53,190,104,193,47,194,62,195,120,ETF2
14700,157,5,156,8,155,19,158,5,159,8,160,19,bond1
14700,80,6,79,11,78,22,81,7,82,10,83,24,bond2
14700,117,3,116,6,115,15,118,4,119,7,120,13,bond3
14700,136,1,135,3,134,5,156,2,157,2,158,5,bond4
14700,358,16,357,22,356,59,359,15,360,26,361,56,ETF1
14700,192,18,191,48,190,83,193,24,194,44,195,85,ETF2
14800,158,4,157,7,156,18,159,5,160,10,161,19,bond1
14800,82,1,81,2,80,5,83,1,84,2,85,5,bond2
14800,118,3,117,6,116,7,119,4,120,5,121,9,bond3
14800,135,0,134,0,133,0,155,0,156,0,157,0,bond4
14800,359,24,358,57,357,74,360,23,361,50,362,74,ETF1
14800,192,37,191,67,190,79,193,35,194,55,195,89,ETF2
14900,156,6,155,10,154,18,157,6,158,12,159,17,bond1
14900,81,8,80,9,79,16,82,7,83,11,84,18,bond2
14900,117,2,116,4,115,10,118,2,119,4,120,10,bond3
14900,133,4,132,4,131,6,153,5,154,4,155,7,bond4
14900,358,16,357,41,356,55,359,21,360,36,361,57,ETF1
14900,191,15,190,26,189,31,192,19,193,19,194,31,ETF2
15000,155,3,154,4,153,9,156,4,157,6,158,11,bond1
15000,81,5,80,9,79,16,82,5,83,9,84,12,bond2
15000,116,7,115,15,114,27,117,8,118,11,119,28,bond3
15000,134,3,133,3,132,4,154,3,155,2,156,4,bond4
15000,359,16,358,26,357,45,360,19,361,36,362,49,ETF1
15000,189,26,188,44,187,65,190,24,191,41,192,80,ETF2
15100,157,5,156,8,155,13,158,4,159,8,160,16,bond1
15100,81,3,80,7,79,9,82,4,83,6,84,12,bond2
15100,116,2,115,2,114,2,117,2,118,2,119,3,bond3
15100,136,5,135,8,134,16,156,5,157,6,158,17,bond4
15100,358,35,357,34,356,56,359,28,360,44,361,43,ETF1
15100,191,24,190,39,189,41,192,22,193,33,194,42,ETF2
15200,155,6,154,9,153,14,156,5,157,8,158,12,bond1
15200,82,5,81,12,80,18,83,5,84,10,85,20,bond2
15200,116,6,115,9,114,11,117,8,118,9,119,9,bond3
15200,135,0,134,0,133,0,155,0,156,0,157,0,bond4
15200,358,33,357,52,356,86,359,34,360,59,361,75,ETF1
15200,192,33,191,43,190,76,193,33,194,42,195,70,ETF2
15300,156,2,155,2,154,3,157,3,158,3,159,3,bond1
15300,83,5,82,6,81,9,84,4,85,6,86,6,bond2
15300,117,3,116,3,115,6,118,3,119,4,120,7,bond3
15300,134,0,133,0,132,0,154,0,155,0,156,0,bond4
15300,358,27,357,46,356,66,359,28,360,35,361,52,ETF1
15300,190,28,189,36,188,50,191,23,192,33,193,52,ETF2
15400,156,4,155,4,154,5,157,3,158,5,159,5,bond1
15400,83,7,82,8,81,13,84,6,85,8,86,13,bond2
15400,117,4,116,7,115,14,118,5,119,6,120,10,bond3
15400,134,4,133,6,132,7,154,5,155,5,156,7,bond4
15400,358,37,357,79,356,152,359,42,360,76,361,125,ETF1
15400,191,39,190,54,189,60,192,44,193,54,194,50,ETF2
15500,158,4,157,6,156,8,159,5,160,5,161,6,bond1
15500,83,6,82,6,81,11,84,6,85,8,86,8,bond2
15500,116,7,115,9,114,12,117,6,118,7,119,13,bond3
15500,134,0,133,0,132,0,154,0,155,0,156,0,bond4
15500,360,43,359,75,358,106,361,46,362,70,363,150,ETF1
15500,193,28,192,55,191,96,194,25,195,51,196,98,ETF2
15600,158,5,157,9,156,21,159,6,160,10,161,17,bond1
15600,83,7,82,12,81,17,84,6,85,9,86,20,bond2
15600,116,3,115,6,114,11,117,3,118,6,119,15,bond3
15600,134,4,133,6,132,14,154,4,155,7,156,11,bond4
15600,359,16,358,30,357,73,360,15,361,31,362,51,ETF1
15600,194,22,193,24,192,42,195,22,196,32,197,46,ETF2
15700,156,3,155,4,154,5,157,2,158,4,159,5,bond1
15700,83,5,82,8,81,18,84,4,85,10,86,15,bond2
15700,116,2,115,1,114,3,117,1,118,2,119,3,bond3
15700,135,0,134,0,133,0,155,0,156,0,157,0,bond4
15700,360,27,359,29,358,41,361,19,362,29,363,42,ETF1
15700,192,24,191,38,190,83,193,23,194,38,195,93,ETF2
15800,158,4,157,4,156,6,159,4,160,5,161,4,bond1
15800,83,2,82,4,81,10,84,2,85,4,86,9,bond2
15800,117,2,116,2,115,2,118,2,119,2,120,2,bond3
15800,134,1,133,2,132,3,154,2,155,2,156,3,bond4
15800,360,40,359,85,358,134,361,40,362,78,363,200,ETF1
15800,192,41,191,65,190,99,193,49,194,63,195,88,ETF2
15900,156,6,155,9,154,16,157,7,158,10,159,18,bond1
15900,84,8,83,8,82,8,85,7,86,8,87,8,bond2
15900,116,3,115,3,114,5,117,2,118,3,119,5,bond3
15900,132,0,131,0,130,0,152,0,153,0,154,0,bond4
15900,360,21,359,47,358,78,361,18,362,50,363,84,ETF1
15900,192,24,191,39,190,81,193,22,194,36,195,72,ETF2
16000,155,5,154,6,153,15,156,5,157,7,158,16,bond1
16000,84,2,83,3,82,4,85,3,86,2,87,3,bond2
16000,116,3,115,4,114,8,117,3,118,4,119,6,bond3
16000,131,4,130,10,129,15,151,4,152,9,153,14,bond4
16000,360,48,359,65,358,63,361,41,362,68,363,62,ETF1
16000,191,52,190,85,189,173,192,41,193,92,194,143,ETF2
16100,156,5,155,8,154,10,157,6,158,8,159,10,bond1
16100,84,6,83,6,82,12,85,5,86,7,87,11,bond2
16100,115,5,114,8,113,10,116,6,117,6,118,10,bond3
16100,129,3,128,3,127,6,149,2,150,4,151,7,bond4
16100,359,25,358,56,357,99,360,28,361,52,362,88,ETF1
16100,192,14,191,25,190,55,193,20,194,26,195,49,ETF2
16200,155,5,154,9,153,18,156,6,157,11,158,16,bond1
16200,85,5,84,5,83,11,86,5,87,7,88,11,bond2
16200,115,7,114,11,113,16,116,6,117,9,118,14,bond3
16200,130,0,129,0,128,0,150,0,151,0,152,0,bond4
16200,360,30,359,48,358,77,361,29,362,56,363,112,ETF1
16200,192,34,191,53,190,99,193,35,194,61,195,79,ETF2
16300,156,4,155,6,154,15,157,3,158,6,159,16,bond1
16300,84,1,83,2,82,6,85,2,86,2,87,8,bond2
16300,115,4,114,9,113,20,116,4,117,8,118,19,bond3
16300,128,3,127,6,126,11,148,4,149,7,150,10,bond4
16300,359,24,358,46,357,67,360,20,361,42,362,88,ETF1
16300,192,27,191,45,190,71,193,19,194,36,195,66,ETF2
16400,155,2,154,3,153,6,156,1,157,3,158,6,bond1
16400,84,2,83,3,82,4,85,1,86,3,87,5,bond2
16400,113,3,112,3,111,5,114,3,115,4,116,5,bond3
16400,126,4,125,6,124,6,146,5,147,4,148,6,bond4
16400,360,29,359,33,358,75,361,25,362,41,363,72,ETF1
16400,190,24,189,36,188,65,191,21,192,42,193,85,ETF2
16500,155,5,154,10,153,22,156,7,157,10,158,21,bond1
16500,85,4,84,6,83,7,86,4,87,5,88,6,bond2
16500,115,6,114,9,113,13,116,6,117,8,118,12,bond3
16500,127,1,126,3,125,6,147,1,148,2,149,5,bond4
16500,359,20,358,30,357,67,360,22,361,33,362,50,ETF1
16500,191,48,190,75,189,84,192,44,193,52,194,79,ETF2
16600,154,5,153,5,152,7,155,4,156,4,157,8,bond1
16600,84,6,83,10,82,24,85,6,86,10,87,22,bond2
16600,114,5,113,6,112,14,115,4,116,7,117,12,bond3
16600,125,0,124,0,123,0,145,0,146,0,147,0,bond4
16600,359,34,358,39,357,45,360,30,361,40,362,40,ETF1
16600,190,33,189,45,188,70,191,35,192,42,193,84,ETF2
16700,155,6,154,9,153,14,156,6,157,9,158,20,bond1
16700,85,3,84,5,83,6,86,3,87,4,88,6,bond2
16700,115,5,114,7,113,10,116,4,117,7,118,12,bond3
16700,126,4,125,5,124,12,146,3,147,7,148,11,bond4
16700,357,51,356,64,355,129,358,49,359,79,360,148,ETF1
16700,192,37,191,67,190,114,193,39,194,62,195,111,ETF2
16800,154,5,153,6,152,10,155,4,156,8,157,11,bond1
16800,85,2,84,3,83,8,86,2,87,4,88,8,bond2
16800,115,6,114,10,113,19,116,6,117,11,118,20,bond3
16800,125,2,124,1,123,3,145,2,146,2,147,4,bond4
16800,354,16,353,27,352,41,355,18,356,27,357,54,ETF1
16800,191,46,190,52,189,84,192,40,193,52,194,89,ETF2
16900,155,4,154,10,153,14,156,7,157,7,158,12,bond1
16900,84,4,83,9,82,19,85,5,86,9,87,17,bond2
16900,116,5,115,9,114,11,117,8,118,9,119,12,bond3
16900,124,4,123,5,122,5,144,3,145,4,146,6,bond4
16900,355,16,354,26,353,44,356,14,357,20,358,35,ETF1
16900,191,21,190,40,189,60,192,24,193,35,194,48,ETF2
17000,154,4,153,5,152,6,155,3,156,5,157,7,bond1
17000,84,4,83,4,82,6,85,5,86,6,87,8,bond2
17000,114,3,113,3,112,5,115,2,116,3,117,5,bond3
17000,123,5,122,7,121,12,143,5,144,7,145,14,bond4
17000,357,26,356,52,355,91,358,37,359,44,360,71,ETF1
17000,191,23,190,40,189,41,192,26,193,41,194,42,ETF2
17100,155,7,154,11,153,20,156,8,157,11,158,24,bond1
17100,86,2,85,3,84,5,87,2,88,3,89,4,bond2
17100,115,5,114,15,113,29,116,5,117,13,118,23,bond3
17100,124,0,123,0,122,0,144,0,145,0,146,0,bond4
17100,357,46,356,64,355,117,358,46,359,80,360,122,ETF1
17100,190,21,189,28,188,40,191,20,192,35,193,37,ETF2
17200,154,1,153,3,152,4,155,1,156,2,157,3,bond1
17200,85,5,84,10,83,20,86,5,87,9,88,21,bond2
17200,115,4,114,9,113,10,116,5,117,8,118,12,bond3
17200,125,4,124,6,123,12,145,4,146,7,147,13,bond4
17200,357,28,356,39,355,50,358,20,359,38,360,53,ETF1
17200,191,52,190,60,189,90,192,44,193,73,194,92,ETF2
17300,157,4,156,7,155,6,158,5,159,6,160,6,bond1
17300,86,1,85,1,84,4,87,1,88,2,89,4,bond2
17300,113,3,112,7,111,11,114,4,115,7,116,16,bond3
17300,127,4,126,5,125,13,147,3,148,6,149,12,bond4
17300,357,26,356,45,355,87,358,26,359,49,360,71,ETF1
17300,192,26,191,37,190,53,193,26,194,36,195,43,ETF2
17400,157,3,156,5,155,15,158,4,159,5,160,14,bond1
17400,85,1,84,3,83,4,86,1,87,3,88,4,bond2
17400,113,2,112,3,111,8,114,2,115,2,116,7,bond3
17400,127,3,126,3,125,5,147,3,148,3,149,4,bond4
17400,356,22,355,27,354,46,357,17,358,31,359,54,ETF1
17400,194,34,193,83,192,126,195,36,196,74,197,163,ETF2
17500,159,2,158,4,157,8,160,2,161,3,162,7,bond1
17500,86,1,85,2,84,3,87,2,88,1,89,3,bond2
17500,114,1,113,2,112,5,115,2,116,3,117,6,bond3
17500,127,3,126,4,125,8,147,4,148,4,149,7,bond4
17500,357,38,356,61,355,87,358,38,359,61,360,103,ETF1
17500,195,19,194,27,193,32,196,13,197,28,198,41,ETF2
17600,160,1,159,3,158,8,161,2,162,2,163,5,bond1
17600,85,1,84,3,83,5,86,2,87,3,88,6,bond2
17600,115,2,114,2,113,4,116,2,117,2,118,4,bond3
17600,129,5,128,6,127,10,149,5,150,5,151,7,bond4
17600,357,33,356,52,355,60,358,43,359,40,360,68,ETF1
17600,195,27,194,56,193,126,196,36,197,51,198,140,ETF2
17700,159,3,158,3,157,8,160,2,161,4,162,7,bond1
17700,87,4,86,7,85,14,88,5,89,10,90,20,bond2
17700,114,4,113,5,112,8,115,4,116,5,117,8,bond3
17700,127,0,126,0,125,0,147,0,148,0,149,0,bond4
17700,357,36,356,48,355,61,358,38,359,39,360,71,ETF1
17700,196,15,195,23,194,34,197,18,198,24,199,40,ETF2
17800,159,3,158,4,157,8,160,3,161,4,162,9,bond1
17800,86,7,85,13,84,19,87,6,88,9,89,25,bond2
17800,114,6,113,6,112,9,115,6,116,7,117,8,bond3
17800,128,2,127,5,126,11,148,2,149,4,150,11,bond4
17800,357,33,356,69,355,90,358,36,359,65,360,91,ETF1
17800,195,43,194,80,193,121,196,38,197,80,198,119,ETF2
17900,160,6,159,6,158,9,161,5,162,7,163,8,bond1
17900,85,3,84,3,83,7,86,3,87,3,88,7,bond2
17900,114,5,113,7,112,12,115,5,116,8,117,15,bond3
17900,129,3,128,4,127,6,149,2,150,4,151,5,bond4
17900,358,33,357,44,356,69,359,32,360,38,361,68,ETF1
17900,196,40,195,71,194,74,197,52,198,61,199,99,ETF2
18000,159,5,158,8,157,10,160,6,161,6,162,9,bond1
18000,86,2,85,1,84,3,87,2,88,2,89,4,bond2
18000,113,6,112,9,111,12,114,5,115,10,116,11,bond3
18000,129,2,128,3,127,4,149,2,150,3,151,4,bond4
18000,357,31,356,36,355,74,358,24,359,47,360,59,ETF1
18000,197,20,196,30,195,43,198,21,199,37,200,45,ETF2
18100,159,4,158,5,157,5,160,4,161,4,162,6,bond1
18100,86,2,85,3,84,6,87,2,88,3,89,6,bond2
18100,113,1,112,2,111,4,114,2,115,3,116,4,bond3
18100,132,3,131,5,130,9,152,2,153,4,154,8,bond4
18100,358,20,357,46,356,78,359,21,360,33,361,76,ETF1
18100,197,27,196,38,195,90,198,26,199,46,200,73,ETF2
18200,161,3,160,4,159,5,162,4,163,5,164,4,bond1
18200,86,6,85,11,84,22,87,7,88,10,89,17,bond2
18200,114,7,113,9,112,13,115,8,116,11,117,17,bond3
18200,132,0,131,0,130,0,152,0,153,0,154,0,bond4
18200,357,34,356,60,355,87,358,34,359,47,360,84,ETF1
18200,197,32,196,65,195,126,198,24,199,65,200,119,ETF2
18300,161,5,160,5,159,8,162,5,163,6,164,11,bond1
18300,87,4,86,7,85,9,88,5,89,7,90,9,bond2
18300,113,7,112,11,111,21,114,8,115,13,116,29,bond3
18300,131,5,130,5,129,9,151,5,152,6,153,8,bond4
18300,357,24,356,42,355,111,358,25,359,42,360,96,ETF1
18300,199,32,198,29,197,44,200,22,201,25,202,37,ETF2
18400,159,1,158,3,157,7,160,2,161,2,162,7,bond1
18400,87,3,86,4,85,5,88,3,89,5,90,8,bond2
18400,113,1,112,2,111,4,114,1,115,2,116,3,bond3
18400,132,4,131,7,130,10,152,4,153,7,154,9,bond4
18400,357,32,356,53,355,99,358,31,359,41,360,75,ETF1
18400,197,32,196,56,195,114,198,32,199,59,200,95,ETF2
18500,156,7,155,8,154,9,157,6,158,7,159,11,bond1
18500,89,3,88,4,87,5,90,2,91,3,92,4,bond2
18500,112,7,111,9,110,9,113,5,114,7,115,9,bond3
18500,132,5,131,5,130,9,152,4,153,5,154,13,bond4
18500,356,18,355,33,354,50,357,18,358,25,359,61,ETF1
18500,197,28,196,35,195,55,198,30,199,33,200,48,ETF2
18600,158,6,157,9,156,10,159,7,160,7,161,11,bond1
18600,89,6,88,9,87,11,90,5,91,7,92,15,bond2
18600,112,3,111,5,110,9,113,4,114,5,115,10,bond3
18600,134,0,133,0,132,0,154,0,155,0,156,0,bond4
18600,357,28,356,54,355,83,358,31,359,55,360,110,ETF1
18600,199,48,198,83,197,158,200,38,201,70,202,157,ETF2
18700,159,5,158,9,157,13,160,5,161,10,162,17,bond1
18700,89,2,88,2,87,5,90,1,91,3,92,7,bond2
18700,111,3,110,7,109,17,112,3,113,8,114,14,bond3
18700,133,2,132,4,131,8,153,3,154,3,155,7,bond4
18700,356,37,355,44,354,99,357,32,358,48,359,103,ETF1
18700,199,24,198,48,197,81,200,28,201,44,202,63,ETF2
18800,158,4,157,10,156,23,159,6,160,8,161,23,bond1
18800,88,4,87,4,86,6,89,4,90,5,91,7,bond2
18800,111,2,110,3,109,8,112,2,113,2,114,6,bond3
18800,134,3,133,5,132,11,154,3,155,4,156,11,bond4
18800,356,42,355,90,354,148,357,46,358,71,359,152,ETF1
18800,198,32,197,51,196,82,199,35,200,58,201,104,ETF2
18900,159,4,158,6,157,7,160,4,161,4,162,8,bond1
18900,88,1,87,2,86,2,89,1,90,1,91,2,bond2
18900,113,2,112,2,111,2,114,2,115,1,116,3,bond3
18900,134,1,133,2,132,2,154,1,155,1,156,2,bond4
18900,356,19,355,31,354,60,357,28,358,38,359,66,ETF1
18900,198,51,197,59,196,81,199,50,200,57,201,76,ETF2
19000,157,3,156,4,155,6,158,4,159,4,160,4,bond1
19000,87,6,86,8,85,19,88,5,89,8,90,17,bond2
19000,113,2,112,4,111,5,114,2,115,3,116,6,bond3
19000,132,1,131,1,130,1,152,1,153,1,154,2,bond4
19000,357,31,356,69,355,141,358,38,359,63,360,128,ETF1
19000,198,27,197,34,196,49,199,33,200,34,201,49,ETF2
19100,158,4,157,5,156,5,159,4,160,5,161,6,bond1
19100,87,3,86,5,85,9,88,3,89,4,90,12,bond2
19100,114,2,113,3,112,4,115,2,116,2,117,4,bond3
19100,133,4,132,7,131,14,153,4,154,6,155,12,bond4
19100,357,27,356,37,355,62,358,27,359,41,360,69,ETF1
19100,196,21,195,30,194,55,197,26,198,38,199,53,ETF2
19200,157,4,156,7,155,18,158,5,159,10,160,19,bond1
19200,87,4,86,7,85,14,88,3,89,7,90,10,bond2
19200,113,5,112,5,111,6,114,5,115,5,116,8,bond3
19200,134,0,133,0,132,0,154,0,155,0,156,0,bond4
19200,357,45,356,68,355,198,358,50,359,99,360,189,ETF1
19200,197,12,196,30,195,45,198,12,199,31,200,43,ETF2
19300,158,2,157,2,156,6,159,2,160,3,161,5,bond1
19300,87,5,86,7,85,10,88,4,89,6,90,11,bond2
19300,113,7,112,9,111,10,114,5,115,8,116,9,bond3
19300,135,4,134,6,133,6,155,5,156,6,157,8,bond4
19300,358,18,357,35,356,54,359,18,360,35,361,54,ETF1
19300,197,51,196,102,195,166,198,39,199,100,200,180,ETF2
19400,157,3,156,3,155,4,158,3,159,3,160,3,bond1
19400,87,1,86,3,85,4,88,1,89,3,90,5,bond2
19400,113,6,112,9,111,12,114,6,115,9,116,10,bond3
19400,133,4,132,6,131,10,153,3,154,6,155,11,bond4
19400,358,35,357,45,356,105,359,31,360,46,361,87,ETF1
19400,196,36,195,57,194,132,197,34,198,67,199,158,ETF2
19500,156,5,155,10,154,18,157,6,158,10,159,14,bond1
19500,86,4,85,5,84,12,87,4,88,6,89,10,bond2
19500,115,4,114,4,113,7,116,3,117,4,118,8,bond3
19500,132,2,131,4,130,10,152,2,153,5,154,9,bond4
19500,357,56,356,94,355,139,358,53,359,105,360,172,ETF1
19500,195,18,194,35,193,78,196,19,197,38,198,71,ETF2
19600,156,3,155,5,154,8,157,2,158,4,159,7,bond1
19600,86,7,85,12,84,19,87,6,88,9,89,16,bond2
19600,113,1,112,3,111,5,114,2,115,3,116,6,bond3
19600,131,2,130,3,129,5,151,2,152,3,153,5,bond4
19600,357,36,356,75,355,103,358,40,359,70,360,89,ETF1
19600,195,26,194,29,193,57,196,24,197,34,198,54,ETF2
19700,156,5,155,9,154,18,157,5,158,8,159,15,bond1
19700,86,3,85,4,84,9,87,3,88,5,89,9,bond2
19700,114,4,113,7,112,12,115,4,116,9,117,15,bond3
19700,130,5,129,5,128,7,150,4,151,5,152,9,bond4
19700,361,42,360,39,359,66,362,37,363,46,364,71,ETF1
19700,195,38,194,36,193,60,196,29,197,37,198,62,ETF2
19800,156,3,155,4,154,5,157,2,158,4,159,6,bond1
19800,86,3,85,6,84,9,87,4,88,5,89,10,bond2
19800,113,6,112,9,111,14,114,4,115,10,116,16,bond3
19800,129,4,128,7,127,16,149,5,150,9,151,13,bond4
19800,360,35,359,73,358,79,361,43,362,52,363,75,ETF1
19800,195,23,194,55,193,79,196,23,197,41,198,64,ETF2
19900,157,4,156,7,155,8,158,5,159,6,160,10,bond1
19900,86,3,85,3,84,4,87,2,88,3,89,5,bond2
19900,114,7,113,10,112,22,115,6,116,11,117,17,bond3
19900,132,1,131,2,130,3,152,1,153,1,154,2,bond4
19900,359,26,358,25,357,44,360,23,361,24,362,48,ETF1
19900,197,48,196,69,195,79,198,38,199,72,200,82,ETF2
20000,158,4,157,3,156,5,159,4,160,3,161,5,bond1
20000,86,3,85,3,84,4,87,2,88,3,89,6,bond2
20000,114,6,113,9,112,13,115,6,116,8,117,16,bond3
20000,131,0,130,0,129,0,151,0,152,0,153,0,bond4
20000,359,19,358,28,357,44,360,23,361,24,362,41,ETF1
20000,197,23,196,33,195,53,198,18,199,28,200,40,ETF2
20100,158,2,157,1,156,4,159,2,160,1,161,4,bond1
20100,86,2,85,2,84,5,87,1,88,3,89,5,bond2
20100,115,4,114,8,113,22,116,4,117,7,118,21,bond3
20100,131,0,130,0,129,0,151,0,152,0,153,0,bond4
20100,359,29,358,50,357,96,360,32,361,50,362,108,ETF1
20100,197,18,196,30,195,58,198,24,199,33,200,55,ETF2
20200,156,2,155,2,154,4,157,2,158,2,159,3,bond1
20200,87,4,86,9,85,17,88,5,89,8,90,15,bond2
20200,114,6,113,12,112,23,115,6,116,9,117,20,bond3
20200,130,4,129,6,128,9,150,3,151,7,152,10,bond4
20200,361,27,360,34,359,63,362,30,363,39,364,57,ETF1
20200,196,34,195,65,194,71,197,34,198,56,199,89,ETF2
20300,158,5,157,5,156,10,159,4,160,5,161,12,bond1
20300,87,6,86,7,85,8,88,5,89,6,90,9,bond2
20300,114,1,113,3,112,4,115,1,116,2,117,4,bond3
20300,132,3,131,4,130,6,152,2,153,4,154,8,bond4
20300,361,19,360,17,359,24,362,18,363,20,364,27,ETF1
20300,196,50,195,71,194,131,197,44,198,85,199,102,ETF2
20400,156,6,155,6,154,10,157,5,158,7,159,12,bond1
20400,87,3,86,5,85,8,88,2,89,4,90,9,bond2
20400,115,6,114,13,113,21,116,6,117,10,118,22,bond3
20400,130,4,129,8,128,19,150,4,151,7,152,15,bond4
20400,362,22,361,25,360,50,363,23,364,34,365,49,ETF1
20400,197,19,196,32,195,43,198,26,199,37,200,43,ETF2
20500,157,3,156,3,155,7,158,2,159,3,160,7,bond1
20500,87,2,86,2,85,2,88,2,89,2,90,3,bond2
20500,115,1,114,3,113,6,116,1,117,3,118,8,bond3
20500,132,4,131,9,130,14,152,4,153,10,154,15,bond4
20500,361,43,360,72,359,170,362,41,363,83,364,151,ETF1
20500,197,22,196,34,195,41,198,20,199,37,200,40,ETF2
20600,159,6,158,7,157,11,160,7,161,7,162,14,bond1
20600,87,5,86,6,85,9,88,5,89,6,90,10,bond2
20600,114,4,113,6,112,9,115,4,116,7,117,11,bond3
20600,134,3,133,6,132,11,154,4,155,5,156,10,bond4
20600,360,35,359,69,358,91,361,42,362,67,363,121,ETF1
20600,199,54,198,87,197,154,200,38,201,73,202,119,ETF2
20700,160,2,159,4,158,5,161,3,162,4,163,6,bond1
20700,87,4,86,5,85,7,88,3,89,4,90,5,bond2
20700,114,6,113,11,112,15,115,7,116,10,117,14,bond3
20700,135,0,134,0,133,0,155,0,156,0,157,0,bond4
20700,358,29,357,45,356,74,359,30,360,55,361,70,ETF1
20700,200,18,199,27,198,37,201,18,202,25,203,38,ETF2
20800,161,3,160,7,159,9,162,3,163,6,164,8,bond1
20800,86,2,85,4,84,5,87,2,88,4,89,5,bond2
20800,113,3,112,3,111,4,114,3,115,3,116,5,bond3
20800,137,4,136,3,135,5,157,3,158,4,159,5,bond4
20800,358,42,357,64,356,133,359,44,360,71,361,120,ETF1
20800,200,20,199,33,198,50,201,19,202,31,203,58,ETF2
20900,160,5,159,8,158,9,161,7,162,8,163,8,bond1
20900,87,2,86,2,85,3,88,2,89,3,90,4,bond2
20900,114,5,113,10,112,13,115,6,116,9,117,17,bond3
20900,136,0,135,0,134,0,156,0,157,0,158,0,bond4
20900,360,36,359,46,358,64,361,35,362,35,363,50,ETF1
20900,199,31,198,42,197,59,200,35,201,48,202,55,ETF2
21000,161,2,160,4,159,8,162,2,163,4,164,8,bond1
21000,86,5,85,7,84,13,87,5,88,7,89,13,bond2
21000,115,4,114,5,113,7,116,4,117,5,118,7,bond3
21000,135,5,134,5,133,7,155,4,156,5,157,6,bond4
21000,359,40,358,64,357,139,360,43,361,72,362,144,ETF1
21000,199,19,198,29,197,77,200,21,201,29,202,65,ETF2
21100,160,5,159,7,158,17,161,4,162,9,163,18,bond1
21100,87,3,86,3,85,5,88,2,89,3,90,6,bond2
21100,115,6,114,8,113,14,116,6,117,7,118,15,bond3
21100,135,2,134,4,133,10,155,2,156,5,157,11,bond4
21100,360,42,359,50,358,75,361,54,362,56,363,90,ETF1
21100,198,21,197,40,196,63,199,22,200,36,201,65,ETF2
21200,160,2,159,2,158,4,161,1,162,2,163,3,bond1
21200,87,3,86,4,85,7,88,4,89,4,90,8,bond2
21200,114,7,113,11,112,19,115,8,116,12,117,17,bond3
21200,134,2,133,3,132,5,154,1,155,3,156,4,bond4
21200,361,29,360,36,359,66,362,26,363,35,364,75,ETF1
21200,199,19,198,19,197,33,200,18,201,26,202,32,ETF2
21300,160,5,159,8,158,16,161,6,162,9,163,16,bond1
21300,87,4,86,7,85,14,88,4,89,9,90,12,bond2
21300,115,3,114,4,113,6,116,2,117,3,118,5,bond3
21300,133,1,132,3,131,6,153,2,154,3,155,7,bond4
21300,361,47,360,56,359,80,362,41,363,61,364,72,ETF1
21300,198,45,197,56,196,61,199,44,200,60,201,73,ETF2
21400,160,6,159,8,158,12,161,5,162,8,163,11,bond1
21400,87,6,86,7,85,7,88,6,89,5,90,9,bond2
21400,113,8,112,14,111,29,114,8,115,12,116,22,bond3
21400,133,0,132,0,131,0,153,0,154,0,155,0,bond4
21400,361,48,360,56,359,81,362,37,363,64,364,85,ETF1
21400,198,43,197,66,196,122,199,34,200,68,201,105,ETF2
21500,160,1,159,2,158,4,161,1,162,2,163,4,bond1
21500,87,6,86,8,85,14,88,6,89,11,90,11,bond2
21500,114,5,113,6,112,11,115,6,116,9,117,11,bond3
21500,133,2,132,4,131,7,153,2,154,5,155,7,bond4
21500,362,18,361,40,360,79,363,17,364,43,365,72,ETF1
21500,199,34,198,85,197,138,200,40,201,80,202,104,ETF2
21600,159,5,158,7,157,13,160,6,161,7,162,9,bond1
21600,87,6,86,9,85,11,88,5,89,9,90,14,bond2
21600,113,3,112,6,111,16,114,4,115,6,116,13,bond3
21600,131,1,130,2,129,3,151,1,152,1,153,3,bond4
21600,363,53,362,72,361,95,364,37,365,78,366,104,ETF1
21600,198,28,197,57,196,113,199,32,200,55,201,141,ETF2
21700,160,5,159,6,158,8,161,6,162,7,163,10,bond1
21700,87,2,86,3,85,4,88,1,89,2,90,6,bond2
21700,114,6,113,10,112,15,115,5,116,10,117,16,bond3
21700,132,0,131,0,130,0,152,0,153,0,154,0,bond4
21700,362,24,361,53,360,91,363,24,364,51,365,98,ETF1
21700,199,44,198,59,197,78,200,49,201,57,202,65,ETF2
21800,160,3,159,7,158,15,161,4,162,6,163,17,bond1
21800,87,5,86,7,85,12,88,4,89,7,90,16,bond2
21800,113,5,112,8,111,17,114,4,115,8,116,17,bond3
21800,133,5,132,8,131,12,153,5,154,7,155,17,bond4
21800,363,31,362,33,361,41,364,29,365,36,366,43,ETF1
21800,200,35,199,59,198,131,201,40,202,68,203,100,ETF2
21900,160,4,159,5,158,13,161,3,162,4,163,9,bond1
21900,88,5,87,9,86,15,89,4,90,8,91,17,bond2
21900,114,5,113,8,112,14,115,5,116,8,117,19,bond3
21900,132,1,131,1,130,4,152,1,153,2,154,4,bond4
21900,363,43,362,49,361,51,364,29,365,35,366,47,ETF1
21900,199,23,198,44,197,68,200,26,201,34,202,83,ETF2
22000,158,4,157,7,156,10,159,6,160,7,161,11,bond1
22000,88,6,87,8,86,16,89,7,90,7,91,13,bond2
22000,115,5,114,7,113,11,116,4,117,7,118,11,bond3
22000,131,3,130,4,129,7,151,3,152,4,153,8,bond4
22000,362,43,361,69,360,134,363,42,364,76,365,133,ETF1
22000,199,39,198,47,197,101,200,41,201,63,202,81,ETF2
22100,160,4,159,5,158,8,161,5,162,6,163,10,bond1
22100,89,4,88,6,87,15,90,4,91,6,92,14,bond2
22100,115,3,114,3,113,5,116,3,117,3,118,4,bond3
22100,132,0,131,0,130,0,152,0,153,0,154,0,bond4
22100,363,18,362,28,361,36,364,22,365,23,366,36,ETF1
22100,199,14,198,23,197,24,200,14,201,19,202,30,ETF2
22200,160,4,159,6,158,12,161,4,162,5,163,13,bond1
22200,88,3,87,4,86,5,89,2,90,4,91,5,bond2
22200,114,2,113,3,112,4,115,3,116,2,117,4,bond3
22200,132,0,131,0,130,0,152,0,153,0,154,0,bond4
22200,363,18,362,37,361,52,364,17,365,37,366,72,ETF1
22200,199,46,198,84,197,110,200,50,201,92,202,113,ETF2
22300,159,3,158,6,157,11,160,4,161,7,162,12,bond1
22300,87,3,86,3,85,6,88,3,89,4,90,6,bond2
22300,113,7,112,8,111,8,114,6,115,6,116,10,bond3
22300,132,0,131,0,130,0,152,0,153,0,154,0,bond4
22300,363,15,362,34,361,50,364,19,365,36,366,54,ETF1
22300,199,19,198,33,197,56,200,27,201,32,202,54,ETF2
22400,160,5,159,8,158,12,161,5,162,7,163,10,bond1
22400,88,6,87,7,86,11,89,5,90,10,91,13,bond2
22400,111,7,110,9,109,14,112,5,113,9,114,12,bond3
22400,130,0,129,0,128,0,150,0,151,0,152,0,bond4
22400,363,21,362,33,361,50,364,28,365,36,366,53,ETF1
22400,199,28,198,52,197,101,200,39,201,54,202,140,ETF2
22500,159,1,158,2,157,3,160,2,161,1,162,3,bond1
22500,87,3,86,5,85,7,88,4,89,4,90,6,bond2
22500,110,5,109,9,108,13,111,6,112,8,113,9,bond3
22500,132,0,131,0,130,0,152,0,153,0,154,0,bond4
22500,363,40,362,53,361,69,364,39,365,49,366,83,ETF1
22500,199,35,198,58,197,72,200,27,201,63,202,89,ETF2
22600,162,3,161,4,160,5,163,3,164,3,165,6,bond1
22600,88,5,87,6,86,13,89,4,90,9,91,13,bond2
22600,109,7,108,10,107,17,110,5,111,11,112,22,bond3
22600,134,0,133,0,132,0,154,0,155,0,156,0,bond4
22600,363,25,362,49,361,85,364,21,365,46,366,97,ETF1
22600,200,33,199,64,198,115,201,30,202,58,203,132,ETF2
22700,162,6,161,8,160,15,163,6,164,8,165,13,bond1
22700,88,4,87,9,86,17,89,4,90,9,91,13,bond2
22700,109,5,108,7,107,11,110,4,111,6,112,10,bond3
22700,136,0,135,0,134,0,156,0,157,0,158,0,bond4
22700,364,40,363,85,362,116,365,36,366,66,367,127,ETF1
22700,201,26,200,68,199,119,202,30,203,49,204,118,ETF2
22800,160,4,159,8,158,27,161,6,162,12,163,20,bond1
22800,88,2,87,1,86,3,89,2,90,1,91,4,bond2
22800,107,4,106,8,105,20,108,4,109,8,110,16,bond3
22800,133,5,132,8,131,12,153,4,154,7,155,13,bond4
22800,361,44,360,60,359,121,362,42,363,77,364,107,ETF1
22800,200,27,199,38,198,41,201,27,202,38,203,41,ETF2
22900,161,6,160,10,159,20,162,6,163,9,164,21,bond1
22900,87,2,86,2,85,5,88,1,89,3,90,6,bond2
22900,109,4,108,7,107,9,110,4,111,6,112,10,bond3
22900,135,2,134,2,133,5,155,2,156,2,157,4,bond4
22900,361,26,360,24,359,31,362,18,363,27,364,31,ETF1
22900,200,21,199,31,198,52,201,23,202,34,203,47,ETF2
23000,159,5,158,8,157,16,160,5,161,9,162,21,bond1
23000,87,4,86,5,85,10,88,5,89,7,90,10,bond2
23000,109,3,108,5,107,8,110,4,111,5,112,9,bond3
23000,133,2,132,2,131,2,153,2,154,2,155,3,bond4
23000,363,33,362,38,361,51,364,31,365,53,366,52,ETF1
23000,199,49,198,78,197,123,200,50,201,75,202,135,ETF2
23100,159,2,158,4,157,9,160,3,161,5,162,10,bond1
23100,88,2,87,4,86,5,89,2,90,3,91,4,bond2
23100,109,8,108,14,107,20,110,6,111,15,112,26,bond3
23100,132,2,131,5,130,12,152,3,153,5,154,8,bond4
23100,362,22,361,32,360,40,363,21,364,37,365,54,ETF1
23100,198,46,197,51,196,61,199,40,200,42,201,63,ETF2
23200,160,4,159,5,158,10,161,3,162,5,163,8,bond1
23200,88,2,87,2,86,2,89,2,90,2,91,2,bond2
23200,109,4,108,5,107,9,110,4,111,7,112,10,bond3
23200,132,3,131,7,130,14,152,4,153,7,154,13,bond4
23200,364,38,363,46,362,54,365,31,366,38,367,40,ETF1
23200,199,25,198,52,197,65,200,24,201,50,202,76,ETF2
23300,160,4,159,6,158,9,161,4,162,6,163,10,bond1
23300,87,4,86,4,85,5,88,3,89,5,90,6,bond2
23300,109,3,108,4,107,8,110,4,111,4,112,7,bond3
23300,132,1,131,2,130,5,152,2,153,3,154,6,bond4
23300,363,45,362,59,361,58,364,44,365,48,366,66,ETF1
23300,199,42,198,74,197,124,200,40,201,80,202,130,ETF2
23400,159,3,158,4,157,8,160,3,161,5,162,8,bond1
23400,87,3,86,5,85,12,88,3,89,5,90,9,bond2
23400,108,3,107,5,106,7,109,3,110,5,111,6,bond3
23400,131,2,130,1,129,2,151,1,152,2,153,3,bond4
23400,363,36,362,57,361,57,364,42,365,56,366,69,ETF1
23400,196,21,195,51,194,108,197,29,198,40,199,107,ETF2
23500,160,2,159,4,158,7,161,3,162,3,163,7,bond1
23500,86,5,85,6,84,7,87,4,88,6,89,7,bond2
23500,110,5,109,8,108,12,111,6,112,8,113,14,bond3
23500,132,0,131,0,130,0,152,0,153,0,154,0,bond4
23500,361,41,360,64,359,100,362,41,363,53,364,91,ETF1
23500,197,45,196,91,195,190,198,48,199,81,200,161,ETF2
23600,159,6,158,8,157,12,160,6,161,9,162,12,bond1
23600,86,8,85,10,84,19,87,8,88,10,89,19,bond2
23600,109,4,108,4,107,7,110,3,111,5,112,5,bond3
23600,132,1,131,2,130,7,152,2,153,2,154,8,bond4
23600,360,37,359,75,358,118,361,41,362,64,363,130,ETF1
23600,196,48,195,77,194,133,197,43,198,64,199,165,ETF2
23700,159,6,158,11,157,25,160,6,161,13,162,27,bond1
23700,86,3,85,4,84,6,87,2,88,3,89,5,bond2
23700,107,3,106,5,105,9,108,4,109,7,110,10,bond3
23700,132,5,131,6,130,10,152,4,153,6,154,10,bond4
23700,358,26,357,42,356,68,359,21,360,39,361,88,ETF1
23700,198,24,197,42,196,80,199,34,200,54,201,79,ETF2
23800,159,5,158,7,157,8,160,5,161,6,162,7,bond1
23800,87,4,86,4,85,5,88,4,89,4,90,4,bond2
23800,108,6,107,12,106,20,109,7,110,12,111,15,bond3
23800,131,3,130,2,129,3,151,3,152,3,153,4,bond4
23800,356,36,355,43,354,42,357,33,358,38,359,48,ETF1
23800,196,33,195,50,194,108,197,34,198,67,199,108,ETF2
23900,160,3,159,3,158,5,161,2,162,4,163,4,bond1
23900,86,3,85,5,84,8,87,4,88,6,89,8,bond2
23900,108,5,107,8,106,9,109,5,110,7,111,12,bond3
23900,131,2,130,3,129,4,151,3,152,4,153,4,bond4
23900,356,26,355,46,354,49,357,23,358,38,359,69,ETF1
23900,197,38,196,70,195,87,198,32,199,64,200,96,ETF2
24000,159,4,158,7,157,12,160,4,161,6,162,13,bond1
24000,86,3,85,4,84,10,87,3,88,6,89,10,bond2
24000,108,3,107,4,106,7,109,2,110,3,111,8,bond3
24000,133,0,132,0,131,0,153,0,154,0,155,0,bond4
24000,357,31,356,46,355,87,358,30,359,40,360,95,ETF1
24000,197,40,196,50,195,54,198,43,199,54,200,77,ETF2
24100,163,1,162,3,161,4,164,2,165,3,166,5,bond1
24100,86,4,85,5,84,7,87,5,88,6,89,6,bond2
24100,106,7,105,8,104,19,107,7,108,8,109,14,bond3
24100,136,4,135,7,134,14,156,5,157,8,158,16,bond4
24100,357,36,356,40,355,59,358,37,359,41,360,75,ETF1
24100,200,43,199,81,198,161,201,40,202,83,203,120,ETF2
24200,162,3,161,6,160,9,163,4,164,5,165,12,bond1
24200,87,1,86,3,85,6,88,1,89,3,90,7,bond2
24200,107,4,106,6,105,9,108,4,109,6,110,10,bond3
24200,136,0,135,0,134,0,156,0,157,0,158,0,bond4
24200,358,40,357,34,356,53,359,33,360,44,361,47,ETF1
24200,201,16,200,24,199,53,202,12,203,24,204,43,ETF2
24300,162,2,161,3,160,9,163,2,164,4,165,7,bond1
24300,87,4,86,5,85,10,88,3,89,6,90,7,bond2
24300,106,6,105,7,104,13,107,6,108,8,109,13,bond3
24300,136,4,135,7,134,10,156,5,157,5,158,8,bond4
24300,358,23,357,28,356,54,359,21,360,31,361,43,ETF1
24300,201,32,200,60,199,88,202,31,203,48,204,86,ETF2
24400,164,3,163,6,162,12,165,4,166,5,167,12,bond1
24400,87,1,86,3,85,6,88,2,89,2,90,5,bond2
24400,107,2,106,5,105,8,108,3,109,5,110,11,bond3
24400,137,3,136,3,135,4,157,2,158,3,159,4,bond4
24400,359,27,358,57,357,105,360,28,361,51,362,108,ETF1
24400,202,36,201,47,200,102,203,27,204,58,205,86,ETF2
24500,165,1,164,3,163,5,166,2,167,2,168,5,bond1
24500,88,5,87,6,86,9,89,5,90,7,91,10,bond2
24500,106,5,105,11,104,18,107,6,108,11,109,20,bond3
24500,136,5,135,5,134,8,156,4,157,5,158,8,bond4
24500,358,38,357,62,356,123,359,33,360,71,361,99,ETF1
24500,203,29,202,63,201,89,204,26,205,63,206,76,ETF2
24600,165,4,164,6,163,17,166,4,167,5,168,15,bond1
24600,86,1,85,2,84,3,87,2,88,2,89,2,bond2
24600,107,5,106,6,105,11,108,5,109,6,110,8,bond3
24600,136,0,135,0,134,0,156,0,157,0,158,0,bond4
24600,361,29,360,44,359,110,362,30,363,59,364,108,ETF1
24600,202,24,201,54,200,101,203,29,204,59,205,118,ETF2
24700,163,1,162,2,161,5,164,1,165,3,166,5,bond1
24700,87,2,86,3,85,6,88,2,89,3,90,6,bond2
24700,106,3,105,3,104,7,107,2,108,4,109,6,bond3
24700,136,4,135,7,134,13,156,5,157,6,158,13,bond4
24700,359,14,358,19,357,30,360,17,361,22,362,25,ETF1
24700,202,18,201,34,200,48,203,20,204,26,205,41,ETF2
24800,164,5,163,6,162,9,165,5,166,6,167,8,bond1
24800,86,1,85,3,84,6,87,1,88,3,89,4,bond2
24800,105,2,104,3,103,8,106,3,107,4,108,8,bond3
24800,135,4,134,7,133,15,155,3,156,6,157,16,bond4
24800,358,20,357,33,356,43,359,21,360,27,361,56,ETF1
24800,202,38,201,50,200,88,203,41,204,42,205,88,ETF2
24900,164,4,163,7,162,10,165,5,166,6,167,10,bond1
24900,87,2,86,1,85,3,88,1,89,1,90,2,bond2
24900,105,4,104,8,103,9,106,4,107,6,108,10,bond3
24900,136,1,135,1,134,3,156,1,157,1,158,2,bond4
24900,359,39,358,60,357,62,360,39,361,48,362,66,ETF1
24900,201,35,200,70,199,122,202,45,203,64,204,143,ETF2
25000,163,2,162,4,161,6,164,3,165,5,166,8,bond1
25000,88,2,87,1,86,3,89,1,90,2,91,4,bond2
25000,105,3,104,4,103,6,106,3,107,5,108,7,bond3
25000,134,0,133,0,132,0,154,0,155,0,156,0,bond4
25000,356,26,355,55,354,101,357,31,358,52,359,99,ETF1
25000,202,15,201,28,200,50,203,12,204,23,205,63,ETF2
25100,162,2,161,4,160,5,163,2,164,3,165,4,bond1
25100,87,3,86,5,85,12,88,2,89,5,90,12,bond2
25100,105,6,104,10,103,19,106,5,107,10,108,18,bond3
25100,133,0,132,0,131,0,153,0,154,0,155,0,bond4
25100,357,39,356,65,355,106,358,33,359,74,360,107,ETF1
25100,201,19,200,29,199,32,202,17,203,27,204,32,ETF2
25200,164,7,163,12,162,19,165,7,166,14,167,17,bond1
25200,87,7,86,9,85,8,88,6,89,8,90,8,bond2
25200,104,5,103,9,102,18,105,5,106,10,107,17,bond3
25200,135,3,134,4,133,5,155,2,156,4,157,6,bond4
25200,357,48,356,109,355,153,358,47,359,75,360,217,ETF1
25200,202,22,201,37,200,36,203,21,204,29,205,41,ETF2
25300,164,4,163,5,162,10,165,3,166,5,167,9,bond1
25300,87,4,86,6,85,9,88,4,89,5,90,11,bond2
25300,105,6,104,11,103,20,106,7,107,11,108,24,bond3
25300,136,4,135,5,134,9,156,4,157,6,158,8,bond4
25300,359,29,358,44,357,50,360,29,361,37,362,49,ETF1
25300,201,34,200,41,199,57,202,32,203,52,204,67,ETF2
25400,163,2,162,2,161,5,164,2,165,2,166,5,bond1
25400,88,1,87,2,86,5,89,2,90,3,91,5,bond2
25400,104,5,103,5,102,8,105,4,106,5,107,9,bond3
25400,136,0,135,0,134,0,156,0,157,0,158,0,bond4
25400,357,28,356,43,355,54,358,24,359,34,360,66,ETF1
25400,201,30,200,52,199,81,202,33,203,51,204,60,ETF2
25500,163,3,162,4,161,12,164,2,165,5,166,12,bond1
25500,88,2,87,3,86,5,89,3,90,3,91,4,bond2
25500,105,3,104,8,103,16,106,4,107,6,108,12,bond3
25500,135,4,134,6,133,8,155,3,156,6,157,11,bond4
25500,358,24,357,45,356,73,359,24,360,41,361,85,ETF1
25500,202,40,201,59,200,103,203,51,204,77,205,141,ETF2
25600,162,2,161,5,160,7,163,2,164,5,165,7,bond1
25600,88,5,87,9,86,14,89,5,90,8,91,16,bond2
25600,105,2,104,4,103,6,106,2,107,4,108,6,bond3
25600,137,1,136,3,135,5,157,2,158,2,159,5,bond4
25600,359,29,358,26,357,40,360,25,361,29,362,33,ETF1
25600,201,41,200,69,199,111,202,35,203,74,204,124,ETF2
25700,162,1,161,2,160,3,163,2,164,2,165,2,bond1
25700,89,5,88,7,87,12,90,6,91,7,92,14,bond2
25700,104,6,103,9,102,20,105,7,106,12,107,25,bond3
25700,135,5,134,7,133,9,155,5,156,7,157,11,bond4
25700,357,14,356,28,355,49,358,15,359,34,360,58,ETF1
25700,202,17,201,35,200,68,203,15,204,27,205,71,ETF2
25800,161,4,160,9,159,12,162,5,163,8,164,15,bond1
25800,89,3,88,3,87,4,90,3,91,2,92,4,bond2
25800,104,6,103,12,102,24,105,7,106,14,107,26,bond3
25800,135,4,134,8,133,11,155,5,156,6,157,10,bond4
25800,355,26,354,46,353,53,356,38,357,48,358,53,ETF1
25800,201,52,200,70,199,65,202,48,203,69,204,81,ETF2
25900,159,5,158,6,157,8,160,5,161,6,162,7,bond1
25900,89,6,88,9,87,13,90,4,91,9,92,13,bond2
25900,104,3,103,5,102,13,105,4,106,5,107,9,bond3
25900,136,3,135,4,134,6,156,3,157,5,158,6,bond4
25900,352,18,351,23,350,23,353,17,354,17,355,31,ETF1
25900,199,38,198,72,197,141,200,44,201,83,202,99,ETF2
26000,161,4,160,5,159,6,162,3,163,5,164,6,bond1
26000,89,5,88,13,87,21,90,7,91,11,92,18,bond2
26000,104,2,103,3,102,4,105,1,106,2,107,4,bond3
26000,137,3,136,5,135,8,157,3,158,6,159,9,bond4
26000,352,36,351,71,350,111,353,37,354,60,355,114,ETF1
26000,201,17,200,20,199,31,202,20,203,25,204,25,ETF2
26100,161,6,160,10,159,20,162,5,163,11,164,17,bond1
26100,88,4,87,4,86,5,89,4,90,4,91,5,bond2
26100,105,6,104,9,103,19,106,6,107,9,108,17,bond3
26100,140,2,139,3,138,7,160,3,161,4,162,5,bond4
26100,351,22,350,31,349,36,352,20,353,28,354,41,ETF1
26100,202,23,201,35,200,33,203,27,204,34,205,43,ETF2
26200,161,5,160,6,159,10,162,6,163,8,164,10,bond1
26200,90,5,89,5,88,10,91,4,92,7,93,8,bond2
26200,105,5,104,10,103,23,106,5,107,11,108,19,bond3
26200,138,0,137,0,136,0,158,0,159,0,160,0,bond4
26200,354,33,353,46,352,51,355,32,356,50,357,53,ETF1
26200,201,17,200,32,199,62,202,20,203,35,204,66,ETF2
26300,161,7,160,7,159,11,162,6,163,8,164,13,bond1
26300,89,5,88,10,87,14,90,5,91,8,92,13,bond2
26300,105,6,104,9,103,24,106,8,107,13,108,22,bond3
26300,138,2,137,4,136,5,158,2,159,4,160,4,bond4
26300,353,27,352,44,351,71,354,26,355,38,356,56,ETF1
26300,202,21,201,24,200,22,203,16,204,22,205,31,ETF2
26400,161,4,160,6,159,13,162,3,163,7,164,16,bond1
26400,90,2,89,1,88,4,91,2,92,1,93,3,bond2
26400,105,1,104,2,103,5,106,1,107,3,108,5,bond3
26400,140,4,139,7,138,12,160,4,161,6,162,12,bond4
26400,351,34,350,54,349,115,352,35,353,68,354,128,ETF1
26400,201,42,200,71,199,192,202,48,203,76,204,180,ETF2
26500,163,2,162,4,161,5,164,2,165,4,166,6,bond1
26500,89,3,88,7,87,8,90,4,91,6,92,9,bond2
26500,105,2,104,2,103,6,106,1,107,3,108,6,bond3
26500,140,3,139,5,138,10,160,3,161,5,162,11,bond4
26500,352,35,351,55,350,100,353,33,354,67,355,138,ETF1
26500,203,17,202,19,201,20,204,18,205,21,206,27,ETF2
26600,163,3,162,3,161,6,164,3,165,4,166,4,bond1
26600,90,5,89,7,88,13,91,4,92,8,93,14,bond2
26600,104,6,103,9,102,9,105,6,106,6,107,13,bond3
26600,139,2,138,3,137,3,159,1,160,2,161,3,bond4
26600,353,41,352,65,351,95,354,48,355,75,356,98,ETF1
26600,201,23,200,42,199,71,202,24,203,38,204,80,ETF2
26700,164,3,163,5,162,8,165,3,166,4,167,9,bond1
26700,89,4,88,5,87,7,90,3,91,5,92,6,bond2
26700,102,2,101,3,100,6,103,2,104,2,105,6,bond3
26700,140,5,139,7,138,11,160,5,161,7,162,11,bond4
26700,352,36,351,60,350,99,353,33,354,58,355,91,ETF1
26700,203,46,202,95,201,127,204,54,205,67,206,114,ETF2
26800,164,6,163,9,162,16,165,5,166,11,167,15,bond1
26800,89,4,88,6,87,12,90,4,91,5,92,11,bond2
26800,103,6,102,6,101,13,104,6,105,7,106,11,bond3
26800,140,0,139,0,138,0,160,0,161,0,162,0,bond4
26800,353,46,352,83,351,138,354,44,355,74,356,148,ETF1
26800,203,41,202,61,201,148,204,38,205,83,206,147,ETF2
26900,164,7,163,12,162,20,165,8,166,9,167,16,bond1
26900,89,1,88,1,87,2,90,2,91,2,92,2,bond2
26900,103,5,102,6,101,6,104,5,105,5,106,9,bond3
26900,140,2,139,4,138,7,160,3,161,4,162,7,bond4
26900,351,39,350,93,349,162,352,43,353,97,354,173,ETF1
26900,203,42,202,78,201,164,204,39,205,93,206,130,ETF2
27000,164,8,163,9,162,9,165,6,166,7,167,12,bond1
27000,89,7,88,9,87,15,90,7,91,11,92,14,bond2
27000,104,4,103,5,102,11,105,3,106,7,107,10,bond3
27000,140,5,139,7,138,21,160,5,161,9,162,17,bond4
27000,352,28,351,37,350,53,353,35,354,43,355,52,ETF1
27000,203,18,202,39,201,101,204,23,205,44,206,87,ETF2
27100,165,6,164,6,163,8,166,6,167,9,168,8,bond1
27100,90,7,89,8,88,17,91,5,92,12,93,14,bond2
27100,103,5,102,7,101,10,104,7,105,6,106,10,bond3
27100,140,1,139,2,138,7,160,1,161,2,162,7,bond4
27100,353,14,352,22,351,36,354,18,355,24,356,45,ETF1
27100,205,23,204,40,203,50,206,23,207,39,208,52,ETF2
27200,164,3,163,4,162,6,165,2,166,4,167,5,bond1
27200,90,6,89,6,88,11,91,4,92,8,93,9,bond2
27200,103,7,102,11,101,15,104,6,105,10,106,18,bond3
27200,139,0,138,0,137,0,159,0,160,0,161,0,bond4
27200,351,37,350,60,349,68,352,47,353,48,354,82,ETF1
27200,204,28,203,45,202,84,205,36,206,44,207,64,ETF2
27300,165,4,164,8,163,20,166,5,167,9,168,20,bond1
27300,90,7,89,11,88,21,91,8,92,11,93,26,bond2
27300,102,4,101,8,100,8,103,6,104,7,105,8,bond3
27300,139,0,138,0,137,0,159,0,160,0,161,0,bond4
27300,350,14,349,18,348,26,351,16,352,24,353,26,ETF1
27300,203,26,202,40,201,50,204,25,205,39,206,53,ETF2
27400,163,4,162,5,161,5,164,3,165,5,166,6,bond1
27400,88,5,87,11,86,15,89,7,90,9,91,13,bond2
27400,101,2,100,1,99,4,102,2,103,1,104,4,bond3
27400,137,1,136,3,135,7,157,1,158,3,159,5,bond4
27400,352,13,351,21,350,41,353,15,354,27,355,33,ETF1
27400,202,41,201,69,200,113,203,30,204,57,205,129,ETF2
27500,164,2,163,4,162,6,165,3,166,4,167,5,bond1
27500,89,3,88,5,87,8,90,3,91,4,92,10,bond2
27500,101,5,100,11,99,22,102,5,103,11,104,20,bond3
27500,139,2,138,2,137,5,159,1,160,3,161,5,bond4
27500,354,38,353,38,352,47,355,31,356,46,357,58,ETF1
27500,204,31,203,41,202,40,205,30,206,42,207,47,ETF2
27600,164,2,163,3,162,7,165,2,166,4,167,9,bond1
27600,89,5,88,6,87,9,90,5,91,6,92,9,bond2
27600,102,3,101,5,100,11,103,3,104,4,105,13,bond3
27600,140,3,139,3,138,6,160,3,161,3,162,6,bond4
27600,355,24,354,32,353,49,356,18,357,28,358,54,ETF1
27600,205,16,204,25,203,37,206,18,207,24,208,29,ETF2
27700,164,3,163,3,162,5,165,3,166,4,167,6,bond1
27700,89,4,88,6,87,7,90,4,91,6,92,6,bond2
27700,101,5,100,11,99,14,102,6,103,8,104,15,bond3
27700,139,0,138,0,137,0,159,0,160,0,161,0,bond4
27700,356,28,355,46,354,63,357,28,358,58,359,83,ETF1
27700,203,35,202,53,201,75,204,44,205,52,206,84,ETF2
27800,163,1,162,2,161,6,164,1,165,3,166,6,bond1
27800,88,4,87,10,86,19,89,4,90,9,91,20,bond2
27800,103,5,102,7,101,13,104,4,105,8,106,16,bond3
27800,139,4,138,5,137,7,159,4,160,6,161,8,bond4
27800,354,36,353,75,352,149,355,30,356,74,357,126,ETF1
27800,202,21,201,33,200,68,203,17,204,37,205,84,ETF2
27900,163,5,162,8,161,10,164,7,165,6,166,14,bond1
27900,87,6,86,11,85,26,88,8,89,13,90,29,bond2
27900,102,2,101,4,100,6,103,3,104,4,105,7,bond3
27900,138,5,137,6,136,9,158,4,159,5,160,13,bond4
27900,352,40,351,61,350,78,353,40,354,45,355,88,ETF1
27900,203,46,202,58,201,86,204,47,205,52,206,80,ETF2
28000,165,5,164,9,163,14,166,5,167,9,168,18,bond1
28000,88,6,87,7,86,10,89,5,90,5,91,10,bond2
28000,103,1,102,1,101,2,104,1,105,1,106,2,bond3
28000,139,2,138,3,137,5,159,2,160,3,161,5,bond4
28000,352,32,351,44,350,65,353,40,354,60,355,79,ETF1
28000,204,29,203,71,202,108,205,32,206,64,207,107,ETF2
28100,164,2,163,4,162,8,165,2,166,5,167,7,bond1
28100,86,7,85,11,84,18,87,6,88,9,89,24,bond2
28100,101,7,100,10,99,16,102,7,103,10,104,16,bond3
28100,139,0,138,0,137,0,159,0,160,0,161,0,bond4
28100,349,16,348,26,347,46,350,16,351,22,352,49,ETF1
28100,203,19,202,25,201,48,204,18,205,24,206,52,ETF2
28200,165,3,164,4,163,5,166,4,167,4,168,5,bond1
28200,88,4,87,5,86,6,89,4,90,4,91,8,bond2
28200,102,6,101,11,100,27,103,6,104,13,105,22,bond3
28200,139,0,138,0,137,0,159,0,160,0,161,0,bond4
28200,349,42,348,89,347,137,350,47,351,88,352,120,ETF1
28200,204,52,203,78,202,128,205,54,206,95,207,170,ETF2
28300,166,3,165,4,164,9,167,2,168,4,169,8,bond1
28300,88,2,87,3,86,4,89,2,90,2,91,3,bond2
28300,101,3,100,3,99,8,102,3,103,4,104,6,bond3
28300,138,3,137,6,136,10,158,4,159,5,160,11,bond4
28300,348,33,347,40,346,64,349,28,350,52,351,81,ETF1
28300,205,34,204,56,203,63,206,40,207,50,208,68,ETF2
28400,166,2,165,4,164,8,167,2,168,5,169,11,bond1
28400,88,3,87,5,86,13,89,4,90,8,91,15,bond2
28400,102,2,101,3,100,3,103,3,104,3,105,3,bond3
28400,139,3,138,5,137,8,159,2,160,4,161,9,bond4
28400,349,34,348,57,347,66,350,49,351,64,352,79,ETF1
28400,206,25,205,39,204,83,207,27,208,49,209,76,ETF2
28500,167,6,166,10,165,18,168,4,169,9,170,19,bond1
28500,89,4,88,4,87,8,90,3,91,4,92,10,bond2
28500,103,5,102,6,101,11,104,4,105,7,106,8,bond3
28500,139,0,138,0,137,0,159,0,160,0,161,0,bond4
28500,349,27,348,53,347,103,350,27,351,44,352,85,ETF1
28500,207,27,206,42,205,42,208,27,209,35,210,52,ETF2
28600,167,3,166,4,165,10,168,2,169,5,170,7,bond1
28600,89,7,88,14,87,20,90,5,91,11,92,26,bond2
28600,102,5,101,6,100,8,103,5,104,6,105,11,bond3
28600,140,3,139,4,138,6,160,4,161,5,162,6,bond4
28600,350,50,349,53,348,82,351,48,352,57,353,92,ETF1
28600,207,40,206,76,205,118,208,38,209,69,210,129,ETF2
28700,166,3,165,4,164,9,167,3,168,3,169,7,bond1
28700,89,4,88,6,87,8,90,4,91,5,92,9,bond2
28700,103,4,102,7,101,15,104,5,105,8,106,15,bond3
28700,138,0,137,0,136,0,158,0,159,0,160,0,bond4
28700,351,28,350,53,349,92,352,29,353,50,354,71,ETF1
28700,206,36,205,45,204,77,207,46,208,66,209,66,ETF2
28800,166,2,165,3,164,5,167,3,168,4,169,6,bond1
28800,89,4,88,7,87,10,90,4,91,4,92,8,bond2
28800,103,5,102,7,101,9,104,6,105,5,106,8,bond3
28800,137,4,136,4,135,7,157,4,158,5,159,7,bond4
28800,350,41,349,57,348,81,351,36,352,64,353,77,ETF1
28800,205,30,204,43,203,79,206,37,207,46,208,79,ETF2
28900,165,7,164,8,163,9,166,5,167,7,168,8,bond1
28900,90,3,89,6,88,8,91,4,92,6,93,11,bond2
28900,102,4,101,8,100,13,103,4,104,5,105,10,bond3
28900,138,2,137,3,136,3,158,2,159,2,160,3,bond4
28900,350,58,349,76,348,104,351,55,352,78,353,130,ETF1
28900,205,31,204,66,203,117,206,37,207,52,208,117,ETF2
29000,165,2,164,4,163,12,166,2,167,5,168,10,bond1
29000,90,5,89,14,88,21,91,6,92,10,93,22,bond2
29000,103,1,102,3,101,5,104,2,105,3,106,4,bond3
29000,137,4,136,5,135,6,157,5,158,5,159,8,bond4
29000,352,20,351,21,350,37,353,23,354,21,355,36,ETF1
29000,206,17,205,23,204,39,207,13,208,27,209,45,ETF2
29100,164,2,163,2,162,4,165,3,166,3,167,4,bond1
29100,89,2,88,2,87,3,90,2,91,2,92,2,bond2
29100,101,7,100,9,99,25,102,7,103,11,104,23,bond3
29100,137,0,136,0,135,0,157,0,158,0,159,0,bond4
29100,354,27,353,49,352,121,355,30,356,69,357,118,ETF1
29100,205,39,204,79,203,104,206,43,207,77,208,94,ETF2
29200,164,3,163,5,162,9,165,3,166,4,167,12,bond1
29200,90,3,89,4,88,10,91,3,92,4,93,9,bond2
29200,102,2,101,4,100,7,103,3,104,5,105,9,bond3
29200,136,2,135,3,134,5,156,2,157,3,158,6,bond4
29200,352,30,351,70,350,103,353,29,354,68,355,104,ETF1
29200,204,37,203,52,202,108,205,32,206,65,207,103,ETF2
29300,163,1,162,1,161,4,164,2,165,1,166,3,bond1
29300,91,4,90,6,89,9,92,4,93,5,94,7,bond2
29300,101,3,100,4,99,5,102,4,103,5,104,5,bond3
29300,135,3,134,5,133,9,155,2,156,4,157,9,bond4
29300,355,49,354,97,353,175,356,49,357,88,358,157,ETF1
29300,204,22,203,35,202,42,205,21,206,30,207,52,ETF2
29400,165,5,164,14,163,28,166,8,167,15,168,27,bond1
29400,89,4,88,5,87,12,90,4,91,6,92,12,bond2
29400,101,5,100,9,99,13,102,5,103,10,104,15,bond3
29400,135,0,134,0,133,0,155,0,156,0,157,0,bond4
29400,355,25,354,40,353,78,356,27,357,47,358,73,ETF1
29400,204,39,203,79,202,130,205,38,206,64,207,131,ETF2
29500,165,6,164,9,163,12,166,5,167,8,168,10,bond1
29500,89,5,88,7,87,8,90,5,91,7,92,9,bond2
29500,103,6,102,13,101,21,104,6,105,10,106,17,bond3
29500,137,5,136,4,135,7,157,4,158,7,159,9,bond4
29500,356,12,355,23,354,46,357,13,358,24,359,46,ETF1
29500,205,22,204,30,203,57,206,27,207,30,208,47,ETF2
29600,166,4,165,4,164,7,167,3,168,5,169,6,bond1
29600,90,5,89,8,88,12,91,5,92,7,93,11,bond2
29600,102,7,101,6,100,8,103,5,104,6,105,8,bond3
29600,138,3,137,5,136,11,158,3,159,5,160,11,bond4
29600,355,25,354,31,353,42,356,31,357,43,358,58,ETF1
29600,205,30,204,62,203,103,206,28,207,61,208,133,ETF2
29700,165,5,164,8,163,9,166,6,167,5,168,11,bond1
29700,91,3,90,5,89,9,92,3,93,5,94,9,bond2
29700,101,2,100,2,99,3,102,1,103,2,104,3,bond3
29700,139,2,138,1,137,3,159,1,160,1,161,2,bond4
29700,355,25,354,50,353,88,356,26,357,52,358,74,ETF1
29700,206,28,205,43,204,48,207,31,208,44,209,50,ETF2
29800,165,6,164,10,163,18,166,6,167,12,168,23,bond1
29800,90,7,89,12,88,25,91,7,92,13,93,31,bond2
29800,100,4,99,6,98,13,101,3,102,8,103,11,bond3
29800,138,0,137,0,136,0,158,0,159,0,160,0,bond4
29800,355,12,354,27,353,50,356,16,357,28,358,53,ETF1
29800,204,17,203,30,202,40,205,20,206,31,207,38,ETF2
29900,165,3,164,2,163,4,166,2,167,3,168,4,bond1
29900,91,1,90,2,89,3,92,2,93,1,94,2,bond2
29900,99,1,98,3,97,5,100,1,101,3,102,5,bond3
29900,139,2,138,3,137,3,159,2,160,3,161,3,bond4
29900,356,21,355,41,354,112,357,22,358,44,359,100,ETF1
29900,206,16,205,24,204,45,207,20,208,30,209,40,ETF2
30000,166,2,165,4,164,12,167,3,168,5,169,12,bond1
30000,91,2,90,4,89,7,92,3,93,3,94,6,bond2
30000,100,4,99,9,98,17,101,5,102,9,103,17,bond3
30000,141,4,140,6,139,7,161,4,162,5,163,6,bond4
30000,357,18,356,45,355,78,358,23,359,31,360,64,ETF1
30000,207,30,206,57,205,104,208,27,209,42,210,85,ETF2
30100,167,8,166,12,165,21,168,8,169,12,170,21,bond1
30100,90,3,89,5,88,6,91,4,92,5,93,6,bond2
30100,100,1,99,2,98,5,101,1,102,2,103,6,bond3
30100,142,0,141,0,140,0,162,0,163,0,164,0,bond4
30100,358,28,357,44,356,71,359,22,360,45,361,71,ETF1
30100,208,41,207,77,206,113,209,42,210,75,211,86,ETF2
30200,166,3,165,3,164,5,167,2,168,4,169,5,bond1
30200,90,4,89,5,88,15,91,4,92,6,93,13,bond2
30200,99,5,98,5,97,5,100,4,101,5,102,6,bond3
30200,142,0,141,0,140,0,162,0,163,0,164,0,bond4
30200,359,16,358,32,357,39,360,16,361,30,362,40,ETF1
30200,206,51,205,68,204,103,207,38,208,63,209,96,ETF2
30300,166,3,165,6,164,8,167,3,168,6,169,11,bond1
30300,90,2,89,4,88,8,91,3,92,5,93,7,bond2
30300,98,5,97,9,96,16,99,5,100,7,101,20,bond3
30300,143,0,142,0,141,0,163,0,164,0,165,0,bond4
30300,357,22,356,42,355,68,358,21,359,40,360,57,ETF1
30300,206,30,205,39,204,70,207,26,208,55,209,58,ETF2
30400,166,2,165,2,164,4,167,2,168,3,169,4,bond1
30400,90,2,89,2,88,5,91,2,92,3,93,5,bond2
30400,97,6,96,10,95,20,98,7,99,9,100,18,bond3
30400,144,4,143,3,142,4,164,3,165,4,166,5,bond4
30400,357,27,356,37,355,93,358,20,359,49,360,96,ETF1
30400,205,30,204,40,203,80,206,29,207,50,208,104,ETF2
30500,167,8,166,9,165,13,168,6,169,12,170,18,bond1
30500,90,5,89,8,88,18,91,6,92,10,93,17,bond2
30500,96,1,95,3,94,5,97,2,98,3,99,5,bond3
30500,144,1,143,2,142,7,164,1,165,2,166,5,bond4
30500,356,42,355,86,354,139,357,47,358,65,359,112,ETF1
30500,207,22,206,47,205,69,208,27,209,38,210,62,ETF2
30600,167,3,166,4,165,5,168,3,169,5,170,7,bond1
30600,89,6,88,8,87,12,90,6,91,10,92,15,bond2
30600,98,6,97,9,96,13,99,5,100,10,101,13,bond3
30600,143,0,142,0,141,0,163,0,164,0,165,0,bond4
30600,356,21,355,34,354,45,357,25,358,32,359,51,ETF1
30600,207,35,206,62,205,102,208,36,209,60,210,114,ETF2
30700,166,5,165,10,164,26,167,7,168,11,169,21,bond1
30700,89,3,88,7,87,10,90,3,91,6,92,9,bond2
30700,98,6,97,9,96,8,99,8,100,8,101,10,bond3
30700,143,2,142,2,141,5,163,3,164,3,165,4,bond4
30700,354,30,353,63,352,108,355,31,356,55,357,104,ETF1
30700,205,20,204,38,203,64,206,20,207,30,208,51,ETF2
30800,166,3,165,5,164,7,167,4,168,4,169,7,bond1
30800,91,2,90,3,89,6,92,2,93,3,94,8,bond2
30800,96,3,95,6,94,17,97,4,98,7,99,14,bond3
30800,144,0,143,0,142,0,164,0,165,0,166,0,bond4
30800,354,23,353,64,352,104,355,34,356,53,357,111,ETF1
30800,206,40,205,81,204,179,207,46,208,78,209,157,ETF2
30900,166,7,165,12,164,30,167,5,168,13,169,30,bond1
30900,92,4,91,6,90,12,93,3,94,6,95,13,bond2
30900,97,4,96,6,95,10,98,4,99,7,100,11,bond3
30900,144,3,143,4,142,9,164,3,165,4,166,7,bond4
30900,356,36,355,44,354,67,357,30,358,51,359,50,ETF1
30900,206,38,205,61,204,124,207,36,208,67,209,130,ETF2
31000,165,6,164,5,163,9,166,5,167,7,168,7,bond1
31000,91,6,90,10,89,14,92,6,93,9,94,16,bond2
31000,98,7,97,9,96,11,99,6,100,8,101,12,bond3
31000,143,4,142,4,141,11,163,3,164,4,165,11,bond4
31000,356,28,355,59,354,95,357,32,358,59,359,129,ETF1
31000,205,35,204,52,203,63,206,30,207,42,208,64,ETF2
31100,164,7,163,8,162,14,165,5,166,6,167,13,bond1
31100,90,1,89,3,88,4,91,2,92,3,93,4,bond2
31100,97,7,96,11,95,21,98,5,99,12,100,21,bond3
31100,143,5,142,10,141,18,163,4,164,8,165,16,bond4
31100,356,14,355,25,354,42,357,13,358,22,359,37,ETF1
31100,205,22,204,39,203,57,206,25,207,30,208,56,ETF2
31200,164,6,163,10,162,20,165,7,166,12,167,23,bond1
31200,91,4,90,4,89,8,92,5,93,6,94,8,bond2
31200,95,3,94,4,93,9,96,2,97,5,98,7,bond3
31200,141,0,140,0,139,0,161,0,162,0,163,0,bond4
31200,355,36,354,60,353,90,356,39,357,53,358,73,ETF1
31200,206,42,205,72,204,94,207,47,208,65,209,84,ETF2
31300,166,3,165,4,164,7,167,4,168,4,169,6,bond1
31300,92,4,91,7,90,13,93,4,94,9,95,18,bond2
31300,96,4,95,6,94,7,97,4,98,5,99,6,bond3
31300,142,1,141,2,140,5,162,1,163,3,164,4,bond4
31300,355,41,354,43,353,69,356,38,357,45,358,54,ETF1
31300,206,18,205,29,204,35,207,20,208,20,209,29,ETF2
31400,166,5,165,10,164,13,167,6,168,8,169,13,bond1
31400,93,4,92,8,91,20,94,4,95,9,96,21,bond2
31400,96,6,95,10,94,14,97,7,98,9,99,10,bond3
31400,143,2,142,3,141,5,163,1,164,2,165,4,bond4
31400,353,29,352,55,351,72,354,38,355,45,356,76,ETF1
31400,206,24,205,51,204,102,207,25,208,67,209,107,ETF2
31500,166,7,165,8,164,11,167,6,168,8,169,12,bond1
31500,93,6,92,13,91,22,94,6,95,12,96,25,bond2
31500,96,5,95,8,94,17,97,6,98,10,99,16,bond3
31500,145,2,144,2,143,2,165,1,166,2,167,1,bond4
31500,354,34,353,56,352,77,355,33,356,60,357,75,ETF1
31500,208,39,207,56,206,111,209,49,210,73,211,86,ETF2
31600,166,4,165,4,164,6,167,4,168,4,169,5,bond1
31600,92,1,91,1,90,4,93,1,94,2,95,4,bond2
31600,96,6,95,9,94,10,97,6,98,7,99,9,bond3
31600,146,4,145,5,144,5,166,3,167,4,168,5,bond4
31600,354,31,353,60,352,79,355,41,356,44,357,77,ETF1
31600,208,27,207,31,206,49,209,28,210,31,211,49,ETF2
31700,174,1,173,2,172,3,175,2,176,2,177,4,bond1
31700,93,1,92,2,91,6,94,2,95,3,96,6,bond2
31700,96,1,95,2,94,4,97,1,98,3,99,5,bond3
31700,145,1,144,1,143,2,165,1,166,2,167,2,bond4
31700,354,23,353,30,352,28,355,21,356,26,357,29,ETF1
31700,211,43,210,69,209,123,212,54,213,67,214,126,ETF2
31800,174,3,173,4,172,4,175,3,176,4,177,5,bond1
31800,93,5,92,10,91,16,94,4,95,10,96,19,bond2
31800,96,2,95,3,94,7,97,1,98,2,99,5,bond3
31800,146,0,145,0,144,0,166,0,167,0,168,0,bond4
31800,355,23,354,37,353,86,356,25,357,39,358,79,ETF1
31800,211,37,210,50,209,110,212,37,213,67,214,114,ETF2
31900,173,2,172,5,171,9,174,3,175,4,176,8,bond1
31900,92,1,91,2,90,3,93,2,94,1,95,2,bond2
31900,95,2,94,5,93,12,96,2,97,5,98,9,bond3
31900,146,5,145,8,144,21,166,5,167,8,168,20,bond4
31900,357,45,356,61,355,103,358,43,359,62,360,107,ETF1
31900,212,15,211,16,210,25,213,13,214,17,215,23,ETF2
32000,174,3,173,5,172,11,175,3,176,6,177,9,bond1
32000,93,7,92,7,91,10,94,5,95,8,96,9,bond2
32000,95,4,94,9,93,10,96,5,97,6,98,10,bond3
32000,148,2,147,4,146,5,168,2,169,4,170,5,bond4
32000,355,15,354,28,353,44,356,16,357,25,358,45,ETF1
32000,212,46,211,79,210,137,213,39,214,86,215,156,ETF2
32100,174,6,173,11,172,18,175,8,176,12,177,18,bond1
32100,92,4,91,6,90,11,93,5,94,6,95,12,bond2
32100,95,2,94,4,93,9,96,2,97,5,98,8,bond3
32100,147,4,146,6,145,14,167,4,168,6,169,14,bond4
32100,356,37,355,60,354,74,357,45,358,58,359,78,ETF1
32100,213,30,212,37,211,67,214,25,215,35,216,74,ETF2
32200,173,7,172,7,171,12,174,6,175,9,176,9,bond1
32200,93,3,92,6,91,8,94,3,95,5,96,8,bond2
32200,95,5,94,9,93,22,96,4,97,7,98,22,bond3
32200,146,3,145,4,144,6,166,4,167,5,168,5,bond4
32200,356,26,355,30,354,37,357,21,358,35,359,39,ETF1
32200,211,35,210,55,209,93,212,29,213,52,214,87,ETF2
32300,173,5,172,7,171,6,174,5,175,6,176,7,bond1
32300,93,5,92,13,91,18,94,6,95,9,96,19,bond2
32300,94,7,93,9,92,14,95,6,96,9,97,16,bond3
32300,145,0,144,0,143,0,165,0,166,0,167,0,bond4
32300,355,49,354,61,353,82,356,36,357,55,358,68,ETF1
32300,211,43,210,78,209,166,212,38,213,65,214,139,ETF2
32400,173,2,172,5,171,9,174,2,175,4,176,6,bond1
32400,94,4,93,10,92,22,95,6,96,12,97,20,bond2
32400,94,2,93,2,92,3,95,2,96,2,97,2,bond3
32400,145,2,144,2,143,5,165,1,166,2,167,4,bond4
32400,355,13,354,30,353,61,356,13,357,27,358,56,ETF1
32400,210,37,209,53,208,57,211,26,212,44,213,64,ETF2
32500,173,1,172,2,171,6,174,2,175,2,176,5,bond1
32500,93,6,92,12,91,28,94,8,95,10,96,25,bond2
32500,94,3,93,5,92,7,95,3,96,4,97,8,bond3
32500,145,0,144,0,143,0,165,0,166,0,167,0,bond4
32500,355,20,354,50,353,68,356,24,357,49,358,69,ETF1
32500,212,20,211,32,210,36,213,22,214,24,215,38,ETF2
32600,173,4,172,6,171,6,174,4,175,6,176,8,bond1
32600,93,4,92,6,91,9,94,4,95,5,96,9,bond2
32600,94,5,93,11,92,20,95,6,96,11,97,21,bond3
32600,145,0,144,0,143,0,165,0,166,0,167,0,bond4
32600,355,24,354,55,353,78,356,34,357,46,358,68,ETF1
32600,211,30,210,63,209,116,212,34,213,49,214,89,ETF2
32700,174,5,173,4,172,9,175,5,176,6,177,8,bond1
32700,94,5,93,10,92,25,95,6,96,10,97,17,bond2
32700,93,2,92,4,91,9,94,3,95,5,96,6,bond3
32700,147,4,146,5,145,7,167,5,168,5,169,8,bond4
32700,355,33,354,47,353,51,356,28,357,39,358,59,ETF1
32700,212,23,211,24,210,38,213,23,214,29,215,46,ETF2
32800,173,6,172,9,171,18,174,6,175,8,176,23,bond1
32800,95,2,94,2,93,6,96,1,97,3,98,6,bond2
32800,93,3,92,8,91,17,94,4,95,7,96,13,bond3
32800,146,3,145,7,144,16,166,3,167,6,168,14,bond4
32800,356,28,355,40,354,55,357,31,358,38,359,55,ETF1
32800,211,36,210,53,209,69,212,38,213,47,214,64,ETF2
32900,173,1,172,3,171,4,174,2,175,3,176,3,bond1
32900,94,2,93,2,92,4,95,1,96,3,97,4,bond2
32900,92,1,91,3,90,4,93,2,94,3,95,3,bond3
32900,147,2,146,5,145,11,167,3,168,4,169,9,bond4
32900,356,18,355,23,354,39,357,19,358,23,359,51,ETF1
32900,213,35,212,79,211,138,214,43,215,76,216,160,ETF2
33000,173,6,172,12,171,22,174,6,175,10,176,22,bond1
33000,95,3,94,3,93,4,96,2,97,3,98,6,bond2
33000,94,7,93,10,92,28,95,5,96,9,97,28,bond3
33000,148,1,147,2,146,6,168,2,169,3,170,5,bond4
33000,356,47,355,49,354,79,357,47,358,54,359,87,ETF1
33000,214,38,213,60,212,83,215,38,216,54,217,63,ETF2
33100,173,4,172,9,171,12,174,5,175,6,176,15,bond1
33100,95,6,94,10,93,17,96,5,97,9,98,13,bond2
33100,93,4,92,5,91,6,94,3,95,4,96,6,bond3
33100,152,3,151,7,150,12,172,4,173,7,174,11,bond4
