timestamp,bid_price_1,bid_volume_1,bid_price_2,bid_volume_2,bid_price_3,bid_volume_3,ask_price_1,ask_volume_1,ask_price_2,ask_volume_2,ask_price_3,ask_volume_3,product
0,796,28,795,50,794,88,797,41,798,51,799,94,Call
0,797,54,796,92,795,128,798,50,799,74,800,121,Put
0,10000,35,9999,41,9998,53,10001,30,10002,43,10003,51,Underlying
100,743,33,742,58,741,107,744,28,745,53,746,130,Call
100,842,43,841,70,840,91,843,40,844,66,845,115,Put
100,9900,29,9899,50,9898,66,9901,33,9902,47,9903,69,Underlying
200,743,29,742,37,741,62,744,26,745,40,746,60,Call
200,845,34,844,76,843,168,846,45,847,70,848,127,Put
200,9898,33,9897,44,9896,87,9899,31,9900,38,9901,79,Underlying
300,790,36,789,67,788,107,791,37,792,56,793,121,Call
300,802,48,801,88,800,139,803,51,804,83,805,167,Put
300,9987,28,9986,56,9985,92,9988,28,9989,53,9990,100,Underlying
400,773,41,772,66,771,110,774,37,775,81,776,109,Call
400,815,30,814,49,813,74,816,32,817,52,818,56,Put
400,9957,39,9956,45,9955,64,9958,30,9959,52,9960,68,Underlying
500,716,28,715,53,714,73,717,32,718,54,719,68,Call
500,874,34,873,64,872,96,875,28,876,54,877,83,Put
500,9842,36,9841,48,9840,83,9843,37,9844,45,9845,98,Underlying
600,729,33,728,44,727,63,730,36,731,58,732,54,Call
600,856,28,855,49,854,64,857,29,858,37,859,62,Put
600,9878,32,9877,52,9876,76,9879,24,9880,53,9881,62,Underlying
700,758,28,757,53,756,66,759,35,760,46,761,88,Call
700,830,39,829,47,828,100,831,30,832,59,833,99,Put
700,9927,41,9926,79,9925,92,9928,54,9929,64,9930,87,Underlying
800,759,46,758,80,757,144,760,41,761,80,762,136,Call
800,828,26,827,47,826,100,829,27,830,57,831,101,Put
800,9930,30,9929,38,9928,85,9931,30,9932,45,9933,82,Underlying
900,792,35,791,74,790,133,793,40,794,71,795,127,Call
900,799,41,798,90,797,121,800,54,801,66,802,158,Put
900,9992,49,9991,56,9990,75,9993,52,9994,55,9995,81,Underlying
1000,825,39,824,42,823,59,826,35,827,45,828,57,Call
1000,772,43,771,63,770,174,773,38,774,85,775,147,Put
1000,10051,30,10050,47,10049,77,10052,29,10053,57,10054,75,Underlying
1100,834,36,833,57,832,80,835,44,836,55,837,83,Call
1100,763,44,762,63,761,68,764,47,765,62,766,56,Put
1100,10067,35,10066,56,10065,112,10068,33,10069,66,10070,115,Underlying
1200,825,26,824,38,823,90,826,30,827,37,828,85,Call
1200,772,43,771,77,770,81,773,51,774,76,775,82,Put
1200,10055,34,10054,69,10053,87,10056,30,10057,66,10058,92,Underlying
1300,808,45,807,97,806,180,809,51,810,85,811,156,Call
1300,783,36,782,53,781,86,784,31,785,65,786,90,Put
1300,10029,33,10028,51,10027,92,10030,29,10031,41,10032,81,Underlying
1400,799,27,798,51,797,66,800,31,801,45,802,84,Call
1400,793,44,792,52,791,85,794,39,795,50,796,90,Put
1400,10005,41,10004,88,10003,115,10006,34,10007,78,10008,151,Underlying
1500,740,31,739,76,738,143,741,40,742,63,743,122,Call
1500,847,38,846,61,845,110,848,43,849,60,850,97,Put
1500,9893,50,9892,67,9891,78,9894,51,9895,66,9896,76,Underlying
1600,745,41,744,49,743,80,746,39,747,61,748,76,Call
1600,842,41,841,49,840,79,843,49,844,47,845,64,Put
1600,9904,38,9903,63,9902,94,9905,38,9906,58,9907,103,Underlying
1700,736,30,735,49,734,87,737,30,738,42,739,83,Call
1700,849,38,848,58,847,68,850,41,851,45,852,65,Put
1700,9887,38,9886,66,9885,105,9888,31,9889,68,9890,120,Underlying
1800,768,50,767,49,766,92,769,53,770,51,771,76,Call
1800,816,45,815,47,814,80,817,39,818,56,819,81,Put
1800,9956,30,9955,35,9954,49,9957,23,9958,34,9959,44,Underlying
1900,843,25,842,62,841,117,844,35,845,55,846,113,Call
1900,754,22,753,38,752,41,755,29,756,40,757,46,Put
1900,10085,43,10084,61,10083,65,10086,42,10087,47,10088,75,Underlying
2000,830,22,829,31,828,44,831,29,832,36,833,35,Call
2000,767,36,766,67,765,120,768,35,769,57,770,94,Put
2000,10064,31,10063,46,10062,71,10065,33,10066,43,10067,71,Underlying
2100,864,40,863,69,862,149,865,36,866,57,867,122,Call
2100,740,40,739,85,738,201,741,37,742,88,743,185,Put
2100,10122,43,10121,50,10120,85,10123,46,10124,72,10125,69,Underlying
2200,887,39,886,64,885,123,888,37,889,71,890,90,Call
2200,724,39,723,48,722,66,725,41,726,45,727,53,Put
2200,10163,44,10162,58,10161,88,10164,38,10165,72,10166,85,Underlying
2300,824,30,823,56,822,86,825,25,826,53,827,81,Call
2300,770,37,769,79,768,93,771,34,772,66,773,124,Put
2300,10049,41,10048,76,10047,113,10050,38,10051,60,10052,122,Underlying
2400,870,41,869,62,868,116,871,40,872,81,873,171,Call
2400,735,33,734,49,733,54,736,24,737,50,738,59,Put
2400,10135,51,10134,82,10133,115,10136,50,10137,89,10138,115,Underlying
2500,859,39,858,68,857,81,860,52,861,53,862,77,Call
2500,746,24,745,49,744,55,747,35,748,40,749,82,Put
2500,10113,30,10112,47,10111,58,10114,40,10115,46,10116,81,Underlying
2600,901,27,900,51,899,56,902,29,903,41,904,73,Call
2600,716,46,715,62,714,108,717,44,718,82,719,103,Put
2600,10187,43,10186,68,10185,84,10188,32,10189,60,10190,79,Underlying
2700,897,35,896,84,895,146,898,33,899,80,900,133,Call
2700,716,41,715,63,714,83,717,47,718,54,719,69,Put
2700,10179,53,10178,69,10177,84,10180,53,10181,68,10182,87,Underlying
2800,890,29,889,39,888,76,891,26,892,50,893,92,Call
2800,721,34,720,59,719,115,722,32,723,82,724,140,Put
2800,10169,21,10168,52,10167,112,10170,28,10171,43,10172,80,Underlying
2900,888,34,887,61,886,90,889,34,890,78,891,96,Call
2900,722,40,721,86,720,132,723,42,724,84,725,149,Put
2900,10165,42,10164,59,10163,110,10166,45,10167,68,10168,108,Underlying
3000,865,33,864,56,863,118,866,27,867,50,868,106,Call
3000,740,46,739,56,738,66,741,39,742,62,743,56,Put
3000,10124,35,10123,39,10122,61,10125,29,10126,35,10127,61,Underlying
3100,892,30,891,58,890,136,893,29,894,74,895,124,Call
3100,720,38,719,55,718,50,721,37,722,56,723,59,Put
3100,10170,22,10169,47,10168,86,10171,23,10172,48,10173,95,Underlying
3200,948,38,947,61,946,108,949,50,950,56,951,82,Call
3200,679,37,678,54,677,91,680,36,681,74,682,86,Put
3200,10275,32,10274,49,10273,84,10276,28,10277,58,10278,86,Underlying
3300,982,41,981,76,980,134,983,48,984,68,985,138,Call
3300,655,38,654,92,653,169,656,54,657,80,658,139,Put
3300,10331,37,10330,62,10329,84,10332,39,10333,49,10334,102,Underlying
3400,964,48,963,53,962,102,965,44,966,52,967,89,Call
3400,671,40,670,51,669,106,672,48,673,67,674,108,Put
3400,10297,51,10296,55,10295,73,10298,45,10299,50,10300,78,Underlying
3500,949,31,948,50,947,66,950,34,951,43,952,67,Call
3500,679,43,678,78,677,139,680,53,681,85,682,189,Put
3500,10268,24,10267,31,10266,34,10269,29,10270,33,10271,32,Underlying
3600,943,48,942,75,941,154,944,50,945,80,946,123,Call
3600,683,40,682,74,681,146,684,37,685,67,686,129,Put
3600,10261,26,10260,50,10259,93,10262,22,10263,41,10264,87,Underlying
3700,936,57,935,92,934,146,937,40,938,91,939,169,Call
3700,687,29,686,35,685,64,688,26,689,47,690,77,Put
3700,10248,33,10247,59,10246,113,10249,35,10250,48,10251,105,Underlying
3800,947,26,946,30,945,53,948,20,949,38,950,55,Call
3800,680,38,679,61,678,107,681,37,682,69,683,91,Put
3800,10267,45,10266,61,10265,124,10268,37,10269,57,10270,110,Underlying
3900,942,25,941,30,940,50,943,27,944,33,945,42,Call
3900,685,53,684,76,683,134,686,41,687,81,688,133,Put
3900,10256,38,10255,60,10254,63,10257,40,10258,43,10259,64,Underlying
4000,892,39,891,47,890,59,893,47,894,69,895,60,Call
4000,719,46,718,64,717,129,720,31,721,80,722,158,Put
4000,10173,28,10172,39,10171,54,10174,27,10175,32,10176,59,Underlying
4100,852,40,851,43,850,50,853,30,854,47,855,50,Call
4100,747,43,746,64,745,106,748,37,749,58,750,102,Put
4100,10102,38,10101,87,10100,191,10103,48,10104,83,10105,140,Underlying
4200,813,21,812,47,811,80,814,30,815,46,816,81,Call
4200,781,33,780,43,779,59,782,44,783,56,784,62,Put
4200,10029,37,10028,69,10027,97,10030,35,10031,53,10032,98,Underlying
4300,844,27,843,51,842,69,845,29,846,47,847,91,Call
4300,757,27,756,53,755,117,758,25,759,56,760,84,Put
4300,10084,40,10083,70,10082,119,10085,41,10086,80,10087,110,Underlying
4400,869,29,868,36,867,55,870,24,871,34,872,70,Call
4400,740,28,739,31,738,49,741,21,742,42,743,49,Put
4400,10131,35,10130,55,10129,63,10132,36,10133,43,10134,64,Underlying
4500,872,39,871,61,870,104,873,55,874,80,875,104,Call
4500,734,26,733,33,732,47,735,30,736,26,737,40,Put
4500,10136,29,10135,57,10134,59,10137,41,10138,52,10139,71,Underlying
4600,865,42,864,103,863,202,866,44,867,80,868,194,Call
4600,740,41,739,62,738,113,741,31,742,60,743,109,Put
4600,10125,47,10124,60,10123,94,10126,36,10127,67,10128,123,Underlying
4700,823,54,822,73,821,124,824,49,825,62,826,123,Call
4700,777,32,776,41,775,62,778,32,779,37,780,63,Put
4700,10045,39,10044,62,10043,105,10046,29,10047,66,10048,85,Underlying
4800,782,31,781,54,780,58,783,31,784,50,785,80,Call
4800,804,42,803,66,802,102,805,42,806,56,807,85,Put
4800,9974,33,9973,54,9972,74,9975,40,9976,38,9977,82,Underlying
4900,801,32,800,45,799,68,802,41,803,57,804,69,Call
4900,792,24,791,36,790,55,793,23,794,32,795,55,Put
4900,10011,41,10010,108,10009,191,10012,37,10013,79,10014,217,Underlying
5000,800,28,799,45,798,63,801,28,802,49,803,89,Call
5000,792,41,791,84,790,200,793,37,794,96,795,204,Put
5000,10010,33,10009,44,10008,67,10011,28,10012,40,10013,67,Underlying
5100,777,48,776,55,775,92,778,44,779,67,780,72,Call
5100,810,41,809,71,808,159,811,41,812,80,813,176,Put
5100,9964,31,9963,51,9962,96,9965,34,9966,51,9967,103,Underlying
5200,749,33,748,43,747,66,750,33,751,45,752,67,Call
5200,835,32,834,64,833,140,836,39,837,54,838,136,Put
5200,9915,37,9914,59,9913,109,9916,35,9917,59,9918,138,Underlying
5300,731,45,730,108,729,141,732,54,733,102,734,178,Call
5300,852,43,851,96,850,143,853,51,854,85,855,195,Put
5300,9881,50,9880,70,9879,111,9882,44,9883,74,9884,109,Underlying
5400,736,26,735,58,734,76,737,33,738,49,739,99,Call
5400,846,37,845,84,844,141,847,35,848,70,849,115,Put
5400,9893,51,9892,53,9891,89,9894,49,9895,49,9896,89,Underlying
5500,721,29,720,31,719,39,722,27,723,34,724,42,Call
5500,864,35,863,44,862,66,865,45,866,54,867,57,Put
5500,9856,28,9855,37,9854,50,9857,26,9858,37,9859,55,Underlying
5600,709,46,708,75,707,104,710,54,711,72,712,101,Call
5600,876,37,875,75,874,147,877,44,878,60,879,138,Put
5600,9832,35,9831,45,9830,107,9833,33,9834,48,9835,91,Underlying
5700,706,35,705,47,704,107,707,45,708,55,709,95,Call
5700,874,36,873,47,872,77,875,38,876,66,877,76,Put
5700,9836,34,9835,54,9834,68,9837,38,9838,46,9839,69,Underlying
5800,713,47,712,60,711,93,714,49,715,70,716,80,Call
5800,870,33,869,41,868,60,871,28,872,36,873,57,Put
5800,9843,42,9842,51,9841,81,9844,36,9845,48,9846,72,Underlying
5900,699,37,698,71,697,145,700,43,701,84,702,172,Call
5900,886,35,885,58,884,108,887,39,888,68,889,96,Put
5900,9811,42,9810,76,9809,137,9812,45,9813,66,9814,136,Underlying
6000,665,23,664,46,663,69,666,30,667,48,668,89,Call
6000,916,34,915,45,914,54,917,35,918,50,919,56,Put
6000,9747,34,9746,71,9745,103,9748,35,9749,60,9750,141,Underlying
6100,729,34,728,40,727,73,730,27,731,39,732,91,Call
6100,857,39,856,68,855,108,858,53,859,76,860,129,Put
6100,9873,40,9872,58,9871,61,9874,35,9875,49,9876,50,Underlying
6200,715,44,714,61,713,119,716,35,717,56,718,110,Call
6200,865,47,864,89,863,147,866,42,867,80,868,159,Put
6200,9845,42,9844,48,9843,68,9846,40,9847,45,9848,62,Underlying
6300,737,26,736,42,735,53,738,23,739,48,740,53,Call
6300,844,39,843,59,842,64,845,49,846,49,847,82,Put
6300,9887,23,9886,39,9885,83,9888,26,9889,45,9890,92,Underlying
6400,672,40,671,62,670,99,673,33,674,67,675,89,Call
6400,906,23,905,41,904,55,907,29,908,34,909,51,Put
6400,9762,29,9761,38,9760,51,9763,29,9764,47,9765,67,Underlying
6500,667,27,666,69,665,100,668,28,669,63,670,111,Call
6500,918,35,917,38,916,70,919,31,920,47,921,66,Put
6500,9749,38,9748,50,9747,83,9750,45,9751,64,9752,77,Underlying
6600,682,46,681,93,680,163,683,55,684,65,685,146,Call
6600,902,30,901,66,900,119,903,36,904,87,905,116,Put
6600,9780,45,9779,61,9778,132,9781,51,9782,64,9783,113,Underlying
6700,653,44,652,52,651,82,654,41,655,65,656,80,Call
6700,930,53,929,91,928,171,931,54,932,112,933,210,Put
6700,9722,38,9721,74,9720,135,9723,37,9724,90,9725,167,Underlying
6800,707,26,706,60,705,75,708,27,709,43,710,93,Call
6800,875,55,874,46,873,60,876,39,877,64,878,78,Put
6800,9835,47,9834,57,9833,70,9836,40,9837,47,9838,57,Underlying
6900,671,29,670,49,669,72,672,23,673,40,674,95,Call
6900,914,44,913,63,912,98,915,55,916,69,917,114,Put
6900,9757,32,9756,78,9755,118,9758,35,9759,75,9760,167,Underlying
7000,706,39,705,49,704,59,707,35,708,57,709,82,Call
7000,874,43,873,58,872,94,875,47,876,56,877,131,Put
7000,9833,33,9832,45,9831,51,9834,43,9835,39,9836,55,Underlying
7100,751,23,750,39,749,79,752,20,753,42,754,97,Call
7100,837,31,836,58,835,86,838,20,839,52,840,88,Put
7100,9915,45,9914,58,9913,89,9916,38,9917,65,9918,69,Underlying
7200,758,30,757,57,756,136,759,44,760,61,761,128,Call
7200,823,46,822,85,821,185,824,42,825,95,826,187,Put
7200,9935,26,9934,52,9933,99,9936,31,9937,55,9938,97,Underlying
7300,824,32,823,41,822,85,825,26,826,51,827,95,Call
7300,769,25,768,51,767,97,770,27,771,65,772,89,Put
7300,10054,30,10053,38,10052,40,10055,29,10056,38,10057,45,Underlying
7400,823,46,822,53,821,80,824,39,825,55,826,75,Call
7400,776,27,775,36,774,58,777,24,778,39,779,58,Put
7400,10048,37,10047,59,10046,125,10049,36,10050,80,10051,94,Underlying
7500,831,41,830,65,829,66,832,49,833,56,834,74,Call
7500,765,28,764,45,763,70,766,27,767,48,768,73,Put
7500,10064,37,10063,55,10062,68,10065,33,10066,45,10067,60,Underlying
7600,849,33,848,45,847,47,850,31,851,42,852,46,Call
7600,750,31,749,38,748,62,751,27,752,41,753,53,Put
7600,10094,40,10093,60,10092,96,10095,40,10096,56,10097,112,Underlying
7700,855,43,854,91,853,156,856,39,857,68,858,142,Call
7700,747,33,746,37,745,63,748,38,749,50,750,61,Put
7700,10108,47,10107,58,10106,61,10109,38,10110,44,10111,74,Underlying
7800,857,47,856,78,855,120,858,38,859,66,860,108,Call
7800,746,39,745,66,744,139,747,44,748,85,749,126,Put
7800,10109,35,10108,49,10107,70,10110,37,10111,43,10112,60,Underlying
7900,848,21,847,32,846,39,849,21,850,38,851,47,Call
7900,752,45,751,68,750,71,753,40,754,67,755,71,Put
7900,10101,37,10100,49,10099,81,10102,49,10103,58,10104,60,Underlying
8000,907,42,906,80,905,131,908,37,909,68,910,150,Call
8000,707,39,706,48,705,55,708,42,709,46,710,60,Put
8000,10198,37,10197,67,10196,99,10199,36,10200,68,10201,106,Underlying
8100,965,30,964,54,963,107,966,32,967,57,968,109,Call
8100,662,34,661,55,660,92,663,32,664,45,665,72,Put
8100,10301,20,10300,48,10299,97,10302,21,10303,47,10304,98,Underlying
8200,1035,38,1034,54,1033,75,1036,31,1037,42,1038,83,Call
8200,621,38,620,72,619,111,622,47,623,60,624,113,Put
8200,10415,51,10414,91,10413,155,10416,52,10417,68,10418,127,Underlying
8300,1035,43,1034,65,1033,100,1036,45,1037,60,1038,85,Call
8300,623,24,622,30,621,61,624,26,625,31,626,51,Put
8300,10413,24,10412,49,10411,67,10414,26,10415,50,10416,72,Underlying
8400,1028,53,1027,56,1026,95,1029,54,1030,71,1031,86,Call
8400,628,37,627,56,626,75,629,38,630,54,631,73,Put
8400,10400,42,10399,54,10398,113,10401,48,10402,64,10403,121,Underlying
8500,1081,31,1080,62,1079,69,1082,44,1083,57,1084,62,Call
8500,595,48,594,95,593,179,596,39,597,77,598,129,Put
8500,10485,32,10484,75,10483,129,10486,33,10487,58,10488,97,Underlying
8600,1109,37,1108,41,1107,57,1110,32,1111,46,1112,52,Call
8600,578,32,577,55,576,116,579,38,580,67,581,106,Put
8600,10532,36,10531,89,10530,130,10533,35,10534,66,10535,130,Underlying
8700,1110,49,1109,90,1108,139,1111,41,1112,70,1113,107,Call
8700,576,53,575,65,574,155,577,49,578,94,579,142,Put
8700,10529,41,10528,77,10527,170,10530,46,10531,103,10532,180,Underlying
8800,1107,39,1106,41,1105,46,1108,32,1109,31,1110,46,Call
8800,578,41,577,87,576,140,579,41,580,77,581,175,Put
8800,10527,31,10526,48,10525,100,10528,26,10529,55,10530,99,Underlying
8900,1134,39,1133,45,1132,76,1135,42,1136,55,1137,73,Call
8900,565,23,564,34,563,52,566,21,567,34,568,65,Put
8900,10569,45,10568,74,10567,131,10570,46,10571,75,10572,129,Underlying
9000,1046,48,1045,85,1044,123,1047,43,1048,77,1049,164,Call
9000,616,29,615,56,614,60,617,30,618,59,619,86,Put
9000,10428,28,10427,71,10426,133,10429,31,10430,64,10431,123,Underlying
9100,1063,31,1062,57,1061,80,1064,26,1065,51,1066,80,Call
9100,602,31,601,47,600,101,603,30,604,52,605,80,Put
9100,10454,54,10453,68,10452,171,10455,50,10456,87,10457,138,Underlying
9200,1035,44,1034,90,1033,140,1036,44,1037,70,1038,131,Call
9200,622,40,621,86,620,91,623,51,624,76,625,106,Put
9200,10410,25,10409,28,10408,43,10411,24,10412,34,10413,52,Underlying
9300,1053,28,1052,35,1051,73,1054,25,1055,45,1056,61,Call
9300,613,27,612,44,611,81,614,35,615,53,616,95,Put
9300,10436,34,10435,41,10434,41,10437,25,10438,40,10439,51,Underlying
9400,1095,33,1094,71,1093,137,1096,38,1097,84,1098,161,Call
9400,584,57,583,86,582,205,585,42,586,77,587,158,Put
9400,10508,33,10507,52,10506,55,10509,34,10510,36,10511,72,Underlying
9500,1139,48,1138,61,1137,90,1140,54,1141,71,1142,81,Call
9500,563,38,562,73,561,117,564,38,565,75,566,135,Put
9500,10576,23,10575,33,10574,54,10577,21,10578,34,10579,54,Underlying
9600,1205,43,1204,62,1203,96,1206,55,1207,77,1208,78,Call
9600,528,54,527,58,526,106,529,47,530,64,531,110,Put
9600,10677,39,10676,50,10675,66,10678,45,10679,53,10680,82,Underlying
9700,1258,44,1257,77,1256,145,1259,48,1260,93,1261,194,Call
9700,502,45,501,73,500,190,503,53,504,80,505,195,Put
9700,10755,25,10754,57,10753,101,10756,27,10757,43,10758,74,Underlying
9800,1278,32,1277,47,1276,96,1279,45,1280,48,1281,80,Call
9800,489,51,488,82,487,128,490,37,491,63,492,130,Put
9800,10785,46,10784,65,10783,92,10786,43,10787,63,10788,68,Underlying
9900,1269,24,1268,49,1267,101,1270,24,1271,55,1272,96,Call
9900,497,39,496,57,495,90,498,40,499,48,500,80,Put
9900,10771,31,10770,36,10769,41,10772,28,10773,42,10774,55,Underlying
10000,1400,31,1399,66,1398,112,1401,30,1402,68,1403,142,Call
10000,440,32,439,44,438,58,441,29,442,36,443,51,Put
10000,10961,41,10960,50,10959,63,10962,43,10963,49,10964,59,Underlying
10100,1401,28,1400,68,1399,135,1402,30,1403,52,1404,126,Call
10100,439,48,438,59,437,107,440,52,441,62,442,124,Put
10100,10959,39,10958,55,10957,82,10960,44,10961,54,10962,77,Underlying
10200,1364,29,1363,46,1362,70,1365,28,1366,46,1367,76,Call
10200,454,43,453,60,452,86,455,53,456,72,457,77,Put
10200,10909,46,10908,96,10907,154,10910,39,10911,76,10912,170,Underlying
10300,1314,27,1313,36,1312,51,1315,36,1316,40,1317,44,Call
10300,476,45,475,64,474,91,477,39,478,55,479,86,Put
10300,10837,48,10836,51,10835,74,10838,52,10839,53,10840,63,Underlying
10400,1307,24,1306,44,1305,89,1308,29,1309,46,1310,94,Call
10400,478,50,477,64,476,105,479,45,480,61,481,132,Put
10400,10829,32,10828,48,10827,82,10830,34,10831,46,10832,64,Underlying
10500,1291,29,1290,35,1289,52,1292,23,1293,30,1294,48,Call
10500,487,37,486,50,485,54,488,37,489,41,490,51,Put
10500,10803,39,10802,63,10801,75,10804,51,10805,65,10806,87,Underlying
10600,1303,39,1302,64,1301,130,1304,45,1305,73,1306,118,Call
10600,479,21,478,51,477,72,480,24,481,46,482,74,Put
10600,10821,29,10820,54,10819,127,10822,29,10823,55,10824,115,Underlying
10700,1312,24,1311,29,1310,53,1313,24,1314,33,1315,53,Call
10700,477,31,476,39,475,58,478,36,479,46,480,49,Put
10700,10833,39,10832,67,10831,59,10834,40,10835,65,10836,81,Underlying
10800,1331,30,1330,38,1329,58,1332,35,1333,45,1334,47,Call
10800,470,35,469,50,468,47,471,37,472,40,473,47,Put
10800,10858,55,10857,70,10856,138,10859,40,10860,100,10861,185,Underlying
10900,1384,38,1383,73,1382,93,1385,45,1386,71,1387,90,Call
10900,446,32,445,39,444,51,447,32,448,39,449,50,Put
10900,10936,41,10935,54,10934,80,10937,33,10938,71,10939,76,Underlying
11000,1397,29,1396,43,1395,44,1398,36,1399,47,1400,48,Call
11000,441,40,440,56,439,110,442,32,443,64,444,129,Put
11000,10956,31,10955,40,10954,44,10957,38,10958,46,10959,46,Underlying
11100,1438,32,1437,72,1436,150,1439,43,1440,64,1441,139,Call
11100,425,47,424,69,423,114,426,39,427,65,428,141,Put
11100,11014,42,11013,63,11012,120,11015,47,11016,79,11017,127,Underlying
11200,1503,50,1502,60,1501,116,1504,38,1505,73,1506,134,Call
11200,401,35,400,68,399,112,402,46,403,72,404,101,Put
11200,11102,26,11101,47,11100,61,11103,29,11104,40,11105,68,Underlying
11300,1445,37,1444,52,1443,115,1446,32,1447,68,1448,116,Call
11300,423,24,422,32,421,39,424,20,425,31,426,51,Put
11300,11022,35,11021,53,11020,64,11023,38,11024,47,11025,83,Underlying
11400,1364,35,1363,49,1362,54,1365,28,1366,53,1367,74,Call
11400,454,41,453,88,452,164,455,43,456,83,457,162,Put
11400,10909,26,10908,38,10907,63,10910,26,10911,39,10912,63,Underlying
11500,1337,34,1336,43,1335,44,1338,27,1339,42,1340,55,Call
11500,461,36,460,49,459,87,462,35,463,69,464,92,Put
11500,10876,38,10875,57,10874,139,10877,28,10878,67,10879,103,Underlying
11600,1448,26,1447,39,1446,87,1449,21,1450,37,1451,79,Call
11600,419,30,418,38,417,91,420,23,421,40,422,68,Put
11600,11027,42,11026,64,11025,110,11028,48,11029,69,11030,113,Underlying
11700,1366,42,1365,61,1364,84,1367,47,1368,54,1369,87,Call
11700,454,46,453,98,452,174,455,40,456,83,457,187,Put
11700,10912,25,10911,46,10910,51,10913,27,10914,34,10915,49,Underlying
11800,1358,28,1357,41,1356,69,1359,29,1360,35,1361,59,Call
11800,455,37,454,49,453,66,456,46,457,46,458,57,Put
11800,10907,50,10906,70,10905,145,10908,37,10909,79,10910,134,Underlying
11900,1366,46,1365,64,1364,60,1367,36,1368,63,1369,66,Call
11900,453,30,452,52,451,72,454,41,455,52,456,81,Put
11900,10919,46,10918,55,10917,92,10920,50,10921,50,10922,93,Underlying
12000,1356,53,1355,74,1354,181,1357,49,1358,71,1359,137,Call
12000,456,27,455,32,454,40,457,22,458,31,459,51,Put
12000,10902,21,10901,57,10900,97,10903,25,10904,46,10905,86,Underlying
12100,1352,38,1351,68,1350,94,1353,43,1354,75,1355,91,Call
12100,456,53,455,55,454,80,457,56,458,70,459,87,Put
12100,10899,35,10898,39,10897,52,10900,34,10901,52,10902,65,Underlying
12200,1356,36,1355,67,1354,92,1357,36,1358,52,1359,93,Call
12200,458,32,457,52,456,85,459,36,460,44,461,69,Put
12200,10896,36,10895,59,10894,77,10897,34,10898,53,10899,84,Underlying
12300,1345,37,1344,61,1343,98,1346,45,1347,57,1348,100,Call
12300,463,43,462,52,461,98,464,43,465,63,466,84,Put
12300,10881,38,10880,49,10879,86,10882,42,10883,50,10884,106,Underlying
12400,1326,35,1325,83,1324,130,1327,39,1328,88,1329,129,Call
12400,469,39,468,74,467,195,470,48,471,91,472,174,Put
12400,10858,37,10857,65,10856,65,10859,39,10860,65,10861,62,Underlying
12500,1305,30,1304,43,1303,87,1306,25,1307,49,1308,65,Call
12500,476,35,475,87,474,171,477,43,478,82,479,153,Put
12500,10830,45,10829,53,10828,90,10831,43,10832,52,10833,81,Underlying
12600,1384,36,1383,44,1382,49,1385,29,1386,48,1387,53,Call
12600,447,36,446,37,445,51,448,31,449,38,450,46,Put
12600,10935,28,10934,39,10933,59,10936,25,10937,46,10938,52,Underlying
12700,1304,41,1303,60,1302,107,1305,43,1306,69,1307,106,Call
12700,480,35,479,45,478,86,481,44,482,65,483,82,Put
12700,10827,38,10826,104,10825,176,10828,42,10829,83,10830,188,Underlying
12800,1343,38,1342,41,1341,55,1344,37,1345,52,1346,69,Call
12800,463,44,462,88,461,119,464,45,465,73,466,114,Put
12800,10877,33,10876,39,10875,74,10878,32,10879,40,10880,63,Underlying
12900,1292,21,1291,42,1290,95,1293,22,1294,44,1295,76,Call
12900,487,35,486,42,485,80,488,35,489,58,490,85,Put
12900,10805,41,10804,50,10803,70,10806,51,10807,46,10808,74,Underlying
13000,1281,39,1280,55,1279,105,1282,47,1283,55,1284,117,Call
13000,491,31,490,53,489,84,492,33,493,68,494,86,Put
13000,10790,33,10789,66,10788,143,10791,35,10792,65,10793,108,Underlying
13100,1370,28,1369,52,1368,88,1371,29,1372,52,1373,93,Call
13100,455,38,454,55,453,92,456,49,457,55,458,117,Put
13100,10916,38,10915,37,10914,47,10917,31,10918,42,10919,49,Underlying
13200,1336,29,1335,46,1334,87,1337,31,1338,38,1339,64,Call
13200,466,51,465,88,464,131,467,39,468,78,469,135,Put
13200,10870,33,10869,58,10868,75,10871,34,10872,55,10873,71,Underlying
13300,1311,39,1310,54,1309,73,1312,46,1313,60,1314,77,Call
13300,478,41,477,45,476,74,479,35,480,61,481,73,Put
13300,10833,43,10832,56,10831,103,10834,41,10835,74,10836,122,Underlying
13400,1316,29,1315,50,1314,108,1317,30,1318,62,1319,119,Call
13400,476,51,475,65,474,106,477,50,478,71,479,92,Put
13400,10839,43,10838,91,10837,181,10840,57,10841,78,10842,146,Underlying
13500,1361,35,1360,38,1359,54,1362,29,1363,42,1364,69,Call
13500,457,22,456,41,455,48,458,30,459,32,460,53,Put
13500,10906,24,10905,39,10904,66,10907,22,10908,41,10909,52,Underlying
13600,1356,33,1355,43,1354,41,1357,24,1358,33,1359,37,Call
13600,460,27,459,40,458,76,461,29,462,55,463,80,Put
13600,10898,38,10897,66,10896,133,10899,34,10900,76,10901,127,Underlying
13700,1345,49,1344,80,1343,136,1346,39,1347,80,1348,117,Call
13700,462,31,461,43,460,90,463,33,464,61,465,94,Put
13700,10882,45,10881,68,10880,80,10883,45,10884,64,10885,89,Underlying
13800,1313,25,1312,33,1311,50,1314,27,1315,36,1316,55,Call
13800,474,29,473,44,472,61,475,25,476,39,477,62,Put
13800,10842,50,10841,60,10840,83,10843,47,10844,57,10845,78,Underlying
13900,1278,34,1277,56,1276,134,1279,38,1280,73,1281,159,Call
13900,493,37,492,54,491,83,494,36,495,53,496,94,Put
13900,10782,45,10781,75,10780,121,10783,45,10784,81,10785,143,Underlying
14000,1270,45,1269,92,1268,180,1271,45,1272,93,1273,183,Call
14000,494,29,493,38,492,60,495,27,496,47,497,65,Put
14000,10779,41,10778,59,10777,122,10780,40,10781,62,10782,116,Underlying
14100,1260,45,1259,57,1258,101,1261,33,1262,68,1263,99,Call
14100,499,36,498,62,497,61,500,49,501,49,502,71,Put
14100,10763,38,10762,94,10761,185,10764,47,10765,72,10766,180,Underlying
14200,1279,42,1278,82,1277,118,1280,40,1281,64,1282,142,Call
14200,489,27,488,42,487,85,490,29,491,53,492,98,Put
14200,10786,41,10785,44,10784,75,10787,35,10788,55,10789,69,Underlying
14300,1212,28,1211,60,1210,105,1213,29,1214,58,1215,118,Call
14300,525,33,524,33,523,38,526,37,527,36,528,49,Put
14300,10683,34,10682,50,10681,100,10684,33,10685,51,10686,86,Underlying
14400,1138,29,1137,44,1136,76,1139,32,1140,42,1141,89,Call
14400,561,43,560,75,559,189,562,39,563,83,564,167,Put
14400,10577,38,10576,53,10575,99,10578,43,10579,55,10580,103,Underlying
14500,1147,22,1146,47,1145,90,1148,26,1149,48,1150,88,Call
14500,559,57,558,61,557,90,560,52,561,69,562,68,Put
14500,10588,42,10587,41,10586,53,10589,32,10590,51,10591,49,Underlying
14600,1188,36,1187,100,1186,186,1189,52,1190,92,1191,187,Call
14600,534,25,533,46,532,65,535,34,536,43,537,61,Put
14600,10656,52,10655,89,10654,183,10657,43,10658,96,10659,176,Underlying
14700,1189,32,1188,45,1187,64,1190,43,1191,46,1192,64,Call
14700,534,50,533,57,532,96,535,41,536,47,537,92,Put
14700,10654,43,10653,56,10652,81,10655,53,10656,58,10657,72,Underlying
14800,1208,36,1207,46,1206,50,1209,40,1210,48,1211,58,Call
14800,527,46,526,71,525,130,528,36,529,74,530,157,Put
14800,10679,43,10678,52,10677,46,10680,41,10681,40,10682,53,Underlying
14900,1138,37,1137,51,1136,64,1139,30,1140,41,1141,63,Call
14900,561,23,560,38,559,78,562,27,563,38,564,76,Put
14900,10582,27,10581,53,10580,67,10583,31,10584,51,10585,69,Underlying
15000,1181,26,1180,38,1179,47,1182,21,1183,30,1184,37,Call
15000,540,22,539,47,538,95,541,28,542,57,543,76,Put
15000,10644,48,10643,71,10642,96,10645,51,10646,50,10647,79,Underlying
15100,1211,41,1210,62,1209,86,1212,46,1213,56,1214,79,Call
15100,525,49,524,60,523,95,526,44,527,74,528,107,Put
15100,10689,38,10688,47,10687,58,10690,39,10691,37,10692,50,Underlying
15200,1156,32,1155,51,1154,66,1157,43,1158,54,1159,69,Call
15200,551,28,550,37,549,51,552,29,553,39,554,46,Put
15200,10601,39,10600,55,10599,65,10602,36,10603,44,10604,55,Underlying
15300,1204,42,1203,67,1202,91,1205,45,1206,56,1207,112,Call
15300,530,26,529,56,528,72,531,35,532,49,533,63,Put
15300,10673,20,10672,42,10671,60,10674,25,10675,37,10676,66,Underlying
15400,1176,45,1175,86,1174,113,1177,41,1178,61,1179,162,Call
15400,544,50,543,53,542,94,545,43,546,59,547,69,Put
15400,10632,39,10631,66,10630,132,10633,39,10634,63,10635,107,Underlying
15500,1152,35,1151,74,1150,139,1153,38,1154,54,1155,136,Call
15500,555,27,554,64,553,87,556,36,557,52,558,109,Put
15500,10597,36,10596,60,10595,105,10598,35,10599,53,10600,115,Underlying
15600,1205,38,1204,71,1203,118,1206,46,1207,67,1208,125,Call
15600,528,28,527,43,526,98,529,31,530,54,531,97,Put
15600,10677,42,10676,46,10675,73,10678,34,10679,50,10680,81,Underlying
15700,1235,37,1234,54,1233,67,1236,35,1237,54,1238,68,Call
15700,513,58,512,107,511,151,514,45,515,106,516,139,Put
15700,10720,25,10719,31,10718,44,10721,23,10722,38,10723,39,Underlying
15800,1308,49,1307,62,1306,61,1309,39,1310,60,1311,79,Call
15800,479,20,478,35,477,83,480,24,481,38,482,68,Put
15800,10829,27,10828,44,10827,87,10830,31,10831,58,10832,101,Underlying
15900,1271,42,1270,52,1269,72,1272,50,1273,49,1274,71,Call
15900,497,35,496,50,495,53,498,32,499,43,500,60,Put
15900,10774,41,10773,63,10772,136,10775,39,10776,84,10777,130,Underlying
16000,1185,23,1184,40,1183,50,1186,24,1187,39,1188,39,Call
16000,538,29,537,56,536,63,539,32,540,40,541,53,Put
16000,10645,29,10644,55,10643,100,10646,21,10647,58,10648,106,Underlying
16100,1193,29,1192,58,1191,126,1194,31,1195,55,1196,108,Call
16100,534,31,533,65,532,87,535,43,536,58,537,72,Put
16100,10657,33,10656,32,10655,41,10658,24,10659,31,10660,47,Underlying
16200,1238,32,1237,65,1236,111,1239,43,1240,68,1241,123,Call
16200,511,32,510,56,509,102,512,32,513,69,514,133,Put
16200,10728,29,10727,54,10726,79,10729,21,10730,39,10731,88,Underlying
16300,1177,40,1176,52,1175,76,1178,43,1179,69,1180,102,Call
16300,544,43,543,65,542,89,545,43,546,51,547,101,Put
16300,10635,52,10634,83,10633,148,10636,43,10637,99,10638,193,Underlying
16400,1125,27,1124,49,1123,85,1126,25,1127,46,1128,98,Call
16400,571,31,570,34,569,59,572,32,573,45,574,63,Put
16400,10553,38,10552,71,10551,112,10554,42,10555,52,10556,107,Underlying
16500,1144,36,1143,64,1142,74,1145,44,1146,54,1147,87,Call
16500,561,51,560,66,559,111,562,45,563,77,564,99,Put
16500,10579,39,10578,61,10577,117,10580,36,10581,66,10582,127,Underlying
16600,1097,39,1096,68,1095,122,1098,40,1099,80,1100,156,Call
16600,587,27,586,43,585,81,588,32,589,46,590,77,Put
16600,10511,40,10510,63,10509,136,10512,35,10513,67,10514,135,Underlying
16700,1026,47,1025,57,1024,70,1027,49,1028,64,1029,93,Call
16700,625,38,624,90,623,127,626,43,627,69,628,130,Put
16700,10404,22,10403,40,10402,50,10405,21,10406,39,10407,55,Underlying
16800,977,40,976,83,975,149,978,49,979,77,980,138,Call
16800,662,46,661,83,660,116,663,48,664,88,665,148,Put
16800,10316,28,10315,35,10314,54,10317,31,10318,38,10319,58,Underlying
16900,1002,41,1001,55,1000,76,1003,49,1004,47,1005,60,Call
16900,641,51,640,48,639,81,642,50,643,53,644,63,Put
16900,10357,30,10356,56,10355,149,10358,28,10359,55,10360,147,Underlying
17000,994,41,993,47,992,62,995,30,996,49,997,61,Call
17000,649,41,648,46,647,77,650,36,651,56,652,70,Put
17000,10346,37,10345,56,10344,86,10347,40,10348,76,10349,89,Underlying
17100,954,22,953,29,952,32,955,25,956,28,957,35,Call
17100,674,34,673,79,672,135,675,36,676,65,677,119,Put
17100,10281,41,10280,58,10279,53,10282,41,10283,53,10284,60,Underlying
17200,929,29,928,55,927,93,930,25,931,56,932,102,Call
17200,691,34,690,72,689,89,692,40,693,61,694,95,Put
17200,10239,57,10238,68,10237,100,10240,55,10241,78,10242,96,Underlying
17300,958,40,957,74,956,111,959,45,960,78,961,142,Call
17300,674,30,673,41,672,83,675,21,676,53,677,84,Put
17300,10283,33,10282,46,10281,58,10284,46,10285,43,10286,79,Underlying
17400,923,34,922,92,921,172,924,39,925,76,926,157,Call
17400,696,41,695,50,694,47,697,31,698,46,699,49,Put
17400,10226,33,10225,34,10224,61,10227,23,10228,35,10229,63,Underlying
17500,914,21,913,35,912,63,915,30,916,45,917,58,Call
17500,704,30,703,62,702,117,705,24,706,55,707,100,Put
17500,10210,30,10209,52,10208,80,10211,33,10212,49,10213,66,Underlying
17600,922,46,921,49,920,84,923,45,924,68,925,89,Call
17600,696,48,695,67,694,122,697,51,698,69,699,107,Put
17600,10230,26,10229,42,10228,71,10231,22,10232,38,10233,70,Underlying
17700,914,32,913,61,912,132,915,33,916,53,917,108,Call
17700,705,35,704,65,703,164,706,51,707,65,708,166,Put
17700,10211,31,10210,50,10209,76,10212,44,10213,42,10214,79,Underlying
17800,906,22,905,42,904,77,907,26,908,42,909,65,Call
17800,704,32,703,46,702,55,705,35,706,36,707,59,Put
17800,10204,55,10203,55,10202,73,10205,43,10206,61,10207,91,Underlying
17900,888,28,887,48,886,66,889,27,890,47,891,56,Call
17900,724,43,723,88,722,118,725,40,726,85,727,139,Put
17900,10163,35,10162,43,10161,77,10164,27,10165,53,10166,76,Underlying
18000,920,32,919,57,918,84,921,30,922,64,923,92,Call
18000,698,36,697,49,696,118,699,31,700,50,701,120,Put
18000,10220,29,10219,49,10218,91,10221,27,10222,52,10223,92,Underlying
18100,923,22,922,40,921,65,924,23,925,39,926,54,Call
18100,694,22,693,33,692,70,695,29,696,37,697,66,Put
18100,10225,42,10224,69,10223,117,10226,43,10227,67,10228,146,Underlying
18200,983,39,982,37,981,52,984,30,985,34,986,52,Call
18200,656,47,655,57,654,83,657,46,658,46,659,85,Put
18200,10328,37,10327,56,10326,92,10329,42,10330,51,10331,82,Underlying
18300,1027,50,1026,106,1025,182,1028,53,1029,91,1030,189,Call
18300,628,45,627,83,626,131,629,40,630,78,631,102,Put
18300,10399,49,10398,68,10397,104,10400,39,10401,51,10402,97,Underlying
18400,1031,35,1030,56,1029,98,1032,48,1033,58,1034,127,Call
18400,625,32,624,54,623,87,626,40,627,60,628,103,Put
18400,10406,36,10405,71,10404,114,10407,37,10408,70,10409,96,Underlying
18500,1053,54,1052,58,1051,59,1054,45,1055,54,1056,59,Call
18500,612,38,611,59,610,83,613,50,614,75,615,85,Put
18500,10440,43,10439,107,10438,211,10441,56,10442,108,10443,189,Underlying
18600,1046,22,1045,39,1044,41,1047,25,1048,29,1049,40,Call
18600,618,20,617,41,616,97,619,28,620,45,621,103,Put
18600,10432,43,10431,62,10430,106,10433,45,10434,61,10435,112,Underlying
18700,1035,24,1034,51,1033,61,1036,25,1037,35,1038,77,Call
18700,622,41,621,51,620,110,623,41,624,67,625,81,Put
18700,10412,32,10411,51,10410,110,10413,26,10414,62,10415,123,Underlying
18800,1006,25,1005,37,1004,56,1007,28,1008,48,1009,71,Call
18800,641,37,640,78,639,111,642,38,643,57,644,103,Put
18800,10366,50,10365,97,10364,178,10367,39,10368,88,10369,146,Underlying
18900,938,40,937,61,936,97,939,30,940,57,941,108,Call
18900,685,48,684,58,683,112,686,47,687,66,688,116,Put
18900,10255,39,10254,62,10253,111,10256,40,10257,59,10258,109,Underlying
19000,981,33,980,45,979,102,982,34,983,52,984,77,Call
19000,656,24,655,49,654,73,657,27,658,45,659,61,Put
19000,10327,47,10326,48,10325,94,10328,46,10329,55,10330,82,Underlying
19100,1099,29,1098,37,1097,41,1100,32,1101,35,1102,40,Call
19100,580,37,579,70,578,126,581,37,582,69,583,135,Put
19100,10515,36,10514,49,10513,94,10516,33,10517,51,10518,81,Underlying
19200,1051,32,1050,65,1049,73,1052,38,1053,55,1054,75,Call
19200,613,33,612,58,611,78,614,28,615,53,616,74,Put
19200,10436,36,10435,43,10434,57,10437,30,10438,43,10439,72,Underlying
19300,1022,27,1021,48,1020,68,1023,40,1024,49,1025,88,Call
19300,631,41,630,62,629,122,632,38,633,68,634,137,Put
19300,10390,26,10389,51,10388,86,10391,31,10392,42,10393,74,Underlying
19400,986,49,985,67,984,84,987,49,988,61,989,83,Call
19400,654,28,653,68,652,125,655,30,656,77,657,108,Put
19400,10334,40,10333,69,10332,112,10335,39,10336,73,10337,112,Underlying
19500,975,24,974,46,973,56,976,22,977,39,978,62,Call
19500,659,24,658,43,657,55,660,27,661,41,662,42,Put
19500,10319,41,10318,58,10317,162,10320,37,10321,73,10322,135,Underlying
19600,976,23,975,40,974,53,977,20,978,37,979,51,Call
19600,663,51,662,91,661,150,664,35,665,69,666,120,Put
19600,10315,48,10314,71,10313,165,10316,43,10317,80,10318,157,Underlying
19700,995,27,994,54,993,86,996,31,997,47,998,70,Call
19700,649,36,648,66,647,135,650,42,651,73,652,150,Put
19700,10345,41,10344,46,10343,64,10346,35,10347,40,10348,68,Underlying
19800,987,25,986,64,985,110,988,35,989,59,990,124,Call
19800,651,38,650,67,649,157,652,50,653,87,654,135,Put
19800,10334,35,10333,77,10332,103,10335,51,10336,74,10337,109,Underlying
19900,968,34,967,56,966,97,969,33,970,68,971,121,Call
19900,667,35,666,63,665,144,668,41,669,89,670,171,Put
19900,10297,38,10296,64,10295,108,10298,40,10299,64,10300,96,Underlying
20000,902,24,901,46,900,73,903,27,904,38,905,65,Call
20000,713,48,712,66,711,93,714,37,715,59,716,123,Put
20000,10187,31,10186,51,10185,76,10188,35,10189,60,10190,67,Underlying
20100,936,48,935,51,934,59,937,34,938,52,939,57,Call
20100,689,30,688,31,687,32,690,25,691,36,692,42,Put
20100,10246,28,10245,36,10244,57,10247,25,10248,42,10249,60,Underlying
20200,983,50,982,62,981,76,984,43,985,47,986,79,Call
20200,656,28,655,48,654,85,657,31,658,62,659,83,Put
20200,10326,55,10325,51,10324,73,10327,50,10328,48,10329,84,Underlying
20300,959,35,958,66,957,98,960,38,961,67,962,89,Call
20300,672,25,671,52,670,89,673,32,674,54,675,74,Put
20300,10288,45,10287,71,10286,119,10289,50,10290,70,10291,155,Underlying
20400,944,31,943,47,942,69,945,42,946,54,947,63,Call
20400,682,50,681,62,680,124,683,53,684,77,685,127,Put
20400,10263,43,10262,113,10261,196,10264,40,10265,104,10266,195,Underlying
20500,963,38,962,88,961,143,964,52,965,69,966,119,Call
20500,671,27,670,45,669,90,672,31,673,54,674,74,Put
20500,10294,48,10293,73,10292,100,10295,47,10296,61,10297,98,Underlying
20600,1015,39,1014,48,1013,58,1016,41,1017,53,1018,48,Call
20600,634,37,633,86,632,123,635,52,636,68,637,158,Put
20600,10381,26,10380,46,10379,87,10382,33,10383,61,10384,114,Underlying
20700,993,38,992,66,991,98,994,42,995,63,996,107,Call
20700,650,44,649,57,648,124,651,51,652,84,653,104,Put
20700,10344,36,10343,51,10342,79,10345,30,10346,54,10347,91,Underlying
20800,981,23,980,32,979,38,982,23,983,33,984,34,Call
20800,658,39,657,48,656,61,659,47,660,44,661,71,Put
20800,10323,53,10322,91,10321,172,10324,53,10325,77,10326,197,Underlying
20900,1045,34,1044,58,1043,91,1046,31,1047,51,1048,112,Call
20900,619,36,618,64,617,110,620,43,621,78,622,103,Put
20900,10427,34,10426,48,10425,89,10428,40,10429,58,10430,78,Underlying
21000,1029,47,1028,46,1027,64,1030,39,1031,61,1032,75,Call
21000,625,42,624,68,623,126,626,53,627,85,628,120,Put
21000,10403,51,10402,72,10401,70,10404,40,10405,68,10406,102,Underlying
21100,937,39,936,60,935,136,938,35,939,80,940,151,Call
21100,686,41,685,61,684,152,687,36,688,60,689,142,Put
21100,10249,39,10248,58,10247,103,10250,37,10251,47,10252,94,Underlying
21200,945,40,944,65,943,121,946,58,947,73,948,122,Call
21200,681,38,680,65,679,66,682,51,683,50,684,81,Put
21200,10264,30,10263,50,10262,95,10265,31,10266,65,10267,119,Underlying
21300,977,38,976,44,975,60,978,32,979,53,980,75,Call
21300,655,27,654,70,653,130,656,32,657,75,658,124,Put
21300,10318,48,10317,52,10316,77,10319,48,10320,70,10321,85,Underlying
21400,960,40,959,76,958,134,961,39,962,81,963,159,Call
21400,673,41,672,92,671,157,674,40,675,98,676,144,Put
21400,10288,36,10287,35,10286,56,10289,35,10290,32,10291,45,Underlying
21500,919,38,918,67,917,112,920,34,921,67,922,97,Call
21500,697,27,696,50,695,84,698,28,699,45,700,103,Put
21500,10219,35,10218,61,10217,103,10220,36,10221,47,10222,105,Underlying
21600,892,35,891,51,890,104,893,27,894,47,895,81,Call
21600,718,33,717,62,716,86,719,36,720,53,721,90,Put
21600,10173,38,10172,89,10171,99,10174,53,10175,78,10176,99,Underlying
21700,856,47,855,51,854,76,857,46,858,58,859,85,Call
21700,747,35,746,51,745,85,748,32,749,38,750,85,Put
21700,10108,42,10107,89,10106,126,10109,44,10110,92,10111,135,Underlying
21800,832,30,831,67,830,106,833,31,834,54,835,114,Call
21800,766,39,765,64,764,129,767,43,768,76,769,130,Put
21800,10066,20,10065,37,10064,76,10067,24,10068,42,10069,80,Underlying
21900,845,34,844,55,843,57,846,39,847,54,848,73,Call
21900,757,34,756,47,755,62,758,30,759,48,760,51,Put
21900,10086,31,10085,46,10084,81,10087,23,10088,53,10089,78,Underlying
22000,775,35,774,45,773,78,776,46,777,44,778,75,Call
22000,815,42,814,64,813,109,816,35,817,59,818,133,Put
22000,9961,53,9960,79,9959,169,9962,54,9963,77,9964,163,Underlying
22100,755,29,754,42,753,74,756,28,757,61,758,95,Call
22100,833,22,832,41,831,59,834,23,835,45,836,77,Put
22100,9921,45,9920,62,9919,61,9922,52,9923,57,9924,70,Underlying
22200,798,35,797,63,796,96,799,47,800,69,801,115,Call
22200,792,38,791,73,790,102,793,41,794,80,795,117,Put
22200,10010,53,10009,67,10008,112,10011,54,10012,88,10013,107,Underlying
22300,788,50,787,86,786,150,789,56,790,90,791,119,Call
22300,803,48,802,77,801,101,804,40,805,73,806,118,Put
22300,9984,26,9983,41,9982,70,9985,25,9986,48,9987,75,Underlying
22400,722,33,721,43,720,45,723,39,724,48,725,60,Call
22400,862,35,861,65,860,160,863,38,864,71,865,144,Put
22400,9857,33,9856,49,9855,59,9858,33,9859,45,9860,45,Underlying
22500,702,43,701,78,700,127,703,45,704,59,705,117,Call
22500,880,52,879,58,878,113,881,46,882,63,883,107,Put
22500,9823,43,9822,75,9821,95,9824,41,9825,80,9826,109,Underlying
22600,660,55,659,107,658,188,661,57,662,94,663,194,Call
22600,926,47,925,46,924,68,927,48,928,62,929,70,Put
22600,9734,28,9733,50,9732,59,9735,34,9736,37,9737,67,Underlying
22700,684,35,683,53,682,112,685,39,686,56,687,106,Call
22700,900,50,899,94,898,145,901,42,902,66,903,146,Put
22700,9783,40,9782,54,9781,76,9784,38,9785,65,9786,71,Underlying
22800,646,44,645,71,644,71,647,54,648,53,649,76,Call
22800,942,33,941,69,940,98,943,46,944,54,945,97,Put
22800,9702,23,9701,40,9700,36,9703,25,9704,27,9705,38,Underlying
22900,628,48,627,63,626,124,629,42,630,73,631,115,Call
22900,962,29,961,33,960,49,963,23,964,38,965,55,Put
22900,9667,22,9666,32,9665,43,9668,27,9669,27,9670,34,Underlying
23000,613,26,612,33,611,39,614,28,615,42,616,35,Call
23000,979,42,978,53,977,129,980,39,981,73,982,116,Put
23000,9633,28,9632,48,9631,130,9634,26,9635,61,9636,98,Underlying
23100,609,35,608,52,607,81,610,36,611,60,612,83,Call
23100,978,37,977,58,976,140,979,43,980,75,981,122,Put
23100,9628,26,9627,66,9626,116,9629,28,9630,68,9631,129,Underlying
23200,608,21,607,43,606,98,609,27,610,46,611,77,Call
23200,981,27,980,51,979,65,982,28,983,40,984,54,Put
23200,9627,28,9626,44,9625,84,9628,32,9629,52,9630,98,Underlying
23300,572,29,571,57,570,141,573,28,574,53,575,124,Call
23300,1021,53,1020,62,1019,120,1022,42,1023,72,1024,131,Put
23300,9546,33,9545,49,9544,62,9547,30,9548,54,9549,57,Underlying
23400,550,26,549,30,548,39,551,29,552,27,553,43,Call
23400,1053,31,1052,34,1051,49,1054,36,1055,47,1056,64,Put
23400,9497,32,9496,45,9495,93,9498,33,9499,56,9500,64,Underlying
23500,542,22,541,29,540,56,543,26,544,30,545,45,Call
23500,1061,41,1060,61,1059,80,1062,45,1063,48,1064,65,Put
23500,9481,47,9480,64,9479,87,9482,43,9483,65,9484,64,Underlying
23600,570,41,569,49,568,67,571,37,572,57,573,85,Call
23600,1026,24,1025,62,1024,107,1027,34,1028,60,1029,95,Put
23600,9542,37,9541,64,9540,139,9543,33,9544,70,9545,125,Underlying
23700,590,36,589,71,588,134,591,35,592,62,593,129,Call
23700,1004,45,1003,78,1002,100,1005,57,1006,69,1007,93,Put
23700,9586,37,9585,62,9584,83,9587,50,9588,66,9589,90,Underlying
23800,554,31,553,72,552,157,555,33,556,78,557,165,Call
23800,1041,33,1040,39,1039,66,1042,29,1043,50,1044,74,Put
23800,9512,40,9511,53,9510,96,9513,42,9514,66,9515,99,Underlying
23900,597,38,596,98,595,152,598,50,599,70,600,138,Call
23900,998,29,997,61,996,116,999,32,1000,60,1001,87,Put
23900,9599,43,9598,55,9597,99,9600,52,9601,54,9602,96,Underlying
24000,554,43,553,87,552,156,555,46,556,68,557,115,Call
24000,1045,24,1044,42,1043,104,1046,26,1047,45,1048,109,Put
24000,9503,39,9502,53,9501,76,9504,39,9505,48,9506,89,Underlying
24100,585,36,584,35,583,63,586,31,587,45,588,51,Call
24100,1011,33,1010,40,1009,63,1012,32,1013,50,1014,61,Put
24100,9576,31,9575,40,9574,83,9577,25,9578,44,9579,68,Underlying
24200,575,23,574,51,573,98,576,25,577,39,578,96,Call
24200,1016,26,1015,46,1014,86,1017,31,1018,40,1019,80,Put
24200,9562,35,9561,45,9560,59,9563,35,9564,38,9565,61,Underlying
24300,574,50,573,93,572,148,575,50,576,107,577,154,Call
24300,1025,34,1024,63,1023,111,1026,48,1027,86,1028,146,Put
24300,9548,49,9547,47,9546,73,9549,35,9550,51,9551,78,Underlying
24400,575,29,574,37,573,66,576,20,577,37,578,71,Call
24400,1017,47,1016,60,1015,109,1018,49,1019,80,1020,143,Put
24400,9563,37,9562,52,9561,94,9564,32,9565,64,9566,88,Underlying
24500,560,43,559,72,558,95,561,56,562,61,563,108,Call
24500,1037,51,1036,81,1035,99,1038,42,1039,62,1040,109,Put
24500,9518,38,9517,40,9516,51,9519,41,9520,45,9521,43,Underlying
24600,578,38,577,72,576,114,579,32,580,66,581,104,Call
24600,1020,30,1019,55,1018,104,1021,25,1022,63,1023,94,Put
24600,9557,21,9556,39,9555,50,9558,22,9559,32,9560,47,Underlying
24700,549,42,548,68,547,69,550,43,551,65,552,88,Call
24700,1051,22,1050,57,1049,97,1052,25,1053,51,1054,94,Put
24700,9499,36,9498,45,9497,86,9500,33,9501,54,9502,66,Underlying
24800,540,37,539,67,538,73,541,50,542,64,543,78,Call
24800,1065,42,1064,65,1063,122,1066,44,1067,74,1068,128,Put
24800,9474,33,9473,50,9472,69,9475,38,9476,51,9477,92,Underlying
24900,559,39,558,88,557,128,560,56,561,67,562,143,Call
24900,1043,32,1042,60,1041,136,1044,32,1045,71,1046,110,Put
24900,9516,33,9515,54,9514,95,9517,41,9518,65,9519,87,Underlying
25000,578,29,577,35,576,66,579,30,580,44,581,48,Call
25000,1019,26,1018,63,1017,118,1020,25,1021,45,1022,105,Put
25000,9560,47,9559,82,9558,111,9561,42,9562,75,9563,118,Underlying
25100,547,34,546,59,545,139,548,31,549,75,550,146,Call
25100,1059,29,1058,44,1057,80,1060,33,1061,43,1062,104,Put
25100,9489,26,9488,35,9487,48,9490,31,9491,30,9492,45,Underlying
25200,572,44,571,50,570,74,573,43,574,69,575,85,Call
25200,1024,43,1023,79,1022,119,1025,38,1026,89,1027,151,Put
25200,9549,43,9548,74,9547,109,9550,37,9551,84,9552,126,Underlying
25300,564,43,563,61,562,150,565,30,566,68,567,152,Call
25300,1037,39,1036,68,1035,123,1038,36,1039,70,1040,88,Put
25300,9527,27,9526,34,9525,31,9528,30,9529,30,9530,33,Underlying
25400,609,55,608,75,607,143,610,56,611,68,612,144,Call
25400,980,47,979,69,978,101,981,38,982,87,983,127,Put
25400,9630,38,9629,62,9628,152,9631,32,9632,85,9633,107,Underlying
25500,626,47,625,72,624,102,627,39,628,84,629,131,Call
25500,963,45,962,57,961,118,964,46,965,76,966,110,Put
25500,9661,38,9660,59,9659,124,9662,43,9663,78,9664,131,Underlying
25600,594,26,593,39,592,55,595,28,596,36,597,44,Call
25600,994,40,993,58,992,80,995,49,996,60,997,71,Put
25600,9598,31,9597,57,9596,74,9599,37,9600,43,9601,77,Underlying
25700,625,33,624,58,623,92,626,36,627,56,628,111,Call
25700,959,30,958,46,957,100,960,30,961,62,962,101,Put
25700,9665,32,9664,68,9663,86,9666,36,9667,56,9668,100,Underlying
25800,640,35,639,49,638,54,641,30,642,39,643,58,Call
25800,946,43,945,37,944,47,947,44,948,37,949,44,Put
25800,9693,28,9692,41,9691,64,9694,24,9695,45,9696,56,Underlying
25900,668,44,667,110,666,221,669,43,670,83,671,156,Call
25900,918,45,917,89,916,130,919,42,920,75,921,171,Put
25900,9753,31,9752,43,9751,58,9754,33,9755,38,9756,50,Underlying
26000,677,32,676,44,675,75,678,26,679,35,680,77,Call
26000,905,58,904,59,903,110,906,56,907,63,908,79,Put
26000,9773,27,9772,54,9771,86,9774,27,9775,41,9776,85,Underlying
26100,660,42,659,83,658,131,661,54,662,80,663,189,Call
26100,925,27,924,53,923,70,926,28,927,44,928,66,Put
26100,9735,38,9734,92,9733,129,9736,44,9737,65,9738,129,Underlying
26200,657,30,656,65,655,121,658,38,659,73,660,88,Call
26200,924,33,923,51,922,60,925,34,926,48,927,50,Put
26200,9737,54,9736,52,9735,84,9738,49,9739,55,9740,89,Underlying
26300,713,51,712,96,711,141,714,50,715,94,716,136,Call
26300,873,45,872,86,871,132,874,46,875,76,876,109,Put
26300,9840,44,9839,73,9838,139,9841,41,9842,63,9843,127,Underlying
26400,730,52,729,87,728,163,731,57,732,99,733,190,Call
26400,856,40,855,84,854,130,857,44,858,77,859,139,Put
26400,9873,49,9872,60,9871,73,9874,43,9875,63,9876,81,Underlying
26500,725,47,724,69,723,103,726,53,727,72,728,76,Call
26500,859,41,858,62,857,65,860,54,861,49,862,65,Put
26500,9867,53,9866,79,9865,191,9868,44,9869,93,9870,172,Underlying
26600,696,39,695,47,694,59,697,31,698,54,699,71,Call
26600,888,37,887,81,886,143,889,42,890,59,891,101,Put
26600,9806,55,9805,68,9804,152,9807,53,9808,99,9809,143,Underlying
26700,735,28,734,43,733,78,736,31,737,55,738,67,Call
26700,848,21,847,47,846,56,849,26,850,34,851,59,Put
26700,9885,45,9884,89,9883,160,9886,48,9887,86,9888,142,Underlying
26800,777,32,776,40,775,71,778,38,779,42,780,68,Call
26800,812,43,811,78,810,101,813,35,814,74,815,99,Put
26800,9964,43,9963,73,9962,105,9965,46,9966,75,9967,115,Underlying
26900,846,45,845,84,844,126,847,36,848,88,849,117,Call
26900,755,44,754,90,753,186,756,43,757,78,758,136,Put
26900,10090,34,10089,41,10088,87,10091,24,10092,45,10093,88,Underlying
27000,843,36,842,57,841,109,844,34,845,65,846,108,Call
27000,758,33,757,68,756,84,759,34,760,61,761,119,Put
27000,10085,45,10084,56,10083,118,10086,52,10087,65,10088,117,Underlying
27100,811,34,810,69,809,116,812,26,813,62,814,125,Call
27100,783,33,782,35,781,54,784,30,785,37,786,48,Put
27100,10028,46,10027,83,10026,151,10029,51,10030,95,10031,180,Underlying
27200,824,30,823,45,822,49,825,31,826,33,827,55,Call
27200,772,24,771,46,770,86,773,32,774,41,775,80,Put
27200,10052,31,10051,40,10050,64,10053,31,10054,41,10055,61,Underlying
27300,869,51,868,89,867,178,870,44,871,84,872,156,Call
27300,736,40,735,52,734,63,737,33,738,45,739,83,Put
27300,10140,44,10139,76,10138,104,10141,43,10142,68,10143,127,Underlying
27400,875,48,874,81,873,131,876,36,877,76,878,164,Call
27400,734,40,733,79,732,134,735,49,736,80,737,133,Put
27400,10140,45,10139,59,10138,125,10141,48,10142,62,10143,106,Underlying
27500,847,30,846,61,845,103,848,29,849,52,850,100,Call
27500,751,41,750,62,749,90,752,37,753,65,754,105,Put
27500,10099,46,10098,54,10097,87,10100,50,10101,65,10102,80,Underlying
27600,917,37,916,44,915,64,918,36,919,50,920,77,Call
27600,703,49,702,85,701,192,704,40,705,89,706,169,Put
27600,10214,33,10213,45,10212,67,10215,24,10216,46,10217,54,Underlying
27700,957,50,956,82,955,117,958,49,959,84,960,110,Call
27700,674,43,673,61,672,93,675,51,676,74,677,76,Put
27700,10282,45,10281,62,10280,78,10283,39,10284,57,10285,84,Underlying
27800,926,37,925,70,924,133,927,36,928,57,929,157,Call
27800,694,29,693,44,692,57,695,20,696,37,697,70,Put
27800,10229,33,10228,71,10227,170,10230,42,10231,76,10232,142,Underlying
27900,938,53,937,69,936,142,939,46,940,78,941,166,Call
27900,685,41,684,51,683,65,686,39,687,61,688,80,Put
27900,10252,29,10251,46,10250,58,10253,32,10254,47,10255,63,Underlying
28000,885,34,884,33,883,48,886,31,887,34,888,45,Call
28000,724,46,723,38,722,56,725,44,726,55,727,58,Put
28000,10161,41,10160,58,10159,88,10162,42,10163,56,10164,70,Underlying
28100,886,25,885,41,884,75,887,26,888,55,889,72,Call
28100,725,30,724,31,723,52,726,26,727,35,728,49,Put
28100,10161,27,10160,62,10159,107,10162,32,10163,46,10164,88,Underlying
28200,841,36,840,96,839,145,842,36,843,70,844,170,Call
28200,758,47,757,79,756,137,759,44,760,75,761,143,Put
28200,10082,32,10081,53,10080,65,10083,27,10084,50,10085,73,Underlying
28300,816,35,815,50,814,67,817,45,818,55,819,50,Call
28300,779,42,778,48,777,65,780,36,781,46,782,61,Put
28300,10036,35,10035,67,10034,87,10037,33,10038,53,10039,87,Underlying
28400,801,39,800,63,799,131,802,53,803,73,804,132,Call
28400,788,49,787,63,786,134,789,46,790,73,791,114,Put
28400,10016,48,10015,63,10014,124,10017,42,10018,58,10019,98,Underlying
28500,796,47,795,62,794,79,797,42,798,65,799,97,Call
28500,796,30,795,52,794,82,797,29,798,54,799,87,Put
28500,10006,52,10005,86,10004,141,10007,37,10008,73,10009,126,Underlying
28600,764,35,763,71,762,148,765,43,766,68,767,117,Call
28600,823,29,822,42,821,72,824,22,825,47,826,92,Put
28600,9941,36,9940,40,9939,63,9942,29,9943,48,9944,57,Underlying
28700,749,33,748,49,747,66,750,38,751,50,752,89,Call
28700,837,30,836,56,835,118,838,32,839,47,840,120,Put
28700,9912,38,9911,83,9910,186,9913,47,9914,79,9915,194,Underlying
28800,727,30,726,43,725,67,728,40,729,43,730,52,Call
28800,858,34,857,78,856,136,859,49,860,74,861,124,Put
28800,9869,24,9868,33,9867,36,9870,21,9871,39,9872,38,Underlying
28900,742,37,741,80,740,146,743,52,744,77,745,156,Call
28900,844,43,843,70,842,139,845,52,846,96,847,161,Put
28900,9899,36,9898,68,9897,180,9900,37,9901,68,9902,129,Underlying
29000,771,48,770,76,769,203,772,45,773,99,774,213,Call
29000,819,39,818,54,817,57,820,33,821,56,822,68,Put
29000,9951,38,9950,43,9949,77,9952,35,9953,52,9954,83,Underlying
29100,803,39,802,75,801,117,804,52,805,65,806,110,Call
29100,789,27,788,40,787,110,790,21,791,54,792,102,Put
29100,10012,20,10011,51,10010,76,10013,30,10014,50,10015,78,Underlying
29200,785,34,784,41,783,58,786,28,787,37,788,55,Call
29200,808,47,807,63,806,143,809,48,810,68,811,116,Put
29200,9975,39,9974,83,9973,169,9976,46,9977,97,9978,149,Underlying
29300,749,25,748,26,747,46,750,23,751,31,752,38,Call
29300,838,26,837,41,836,63,839,29,840,36,841,56,Put
29300,9909,32,9908,44,9907,68,9910,41,9911,45,9912,67,Underlying
29400,674,34,673,44,672,67,675,43,676,52,677,69,Call
29400,907,34,906,61,905,156,908,37,909,72,910,136,Put
29400,9771,44,9770,68,9769,117,9772,36,9773,64,9774,148,Underlying
29500,638,39,637,57,636,57,639,44,640,58,641,73,Call
29500,944,35,943,46,942,63,945,40,946,56,947,72,Put
29500,9698,43,9697,86,9696,184,9699,49,9700,98,9701,166,Underlying
29600,635,41,634,51,633,81,636,49,637,58,638,87,Call
29600,950,32,949,40,948,74,951,34,952,39,953,62,Put
29600,9688,32,9687,47,9686,79,9689,31,9690,61,9691,86,Underlying
29700,670,32,669,56,668,97,671,39,672,75,673,104,Call
29700,911,33,910,50,909,91,912,35,913,64,914,98,Put
29700,9757,50,9756,73,9755,113,9758,43,9759,66,9760,91,Underlying
29800,693,38,692,55,691,99,694,36,695,68,696,80,Call
29800,888,33,887,53,886,88,889,32,890,42,891,110,Put
29800,9800,43,9799,93,9798,193,9801,43,9802,85,9803,160,Underlying
29900,705,29,704,40,703,62,706,25,707,34,708,83,Call
29900,878,21,877,47,876,90,879,29,880,46,881,79,Put
29900,9827,50,9826,99,9825,183,9828,36,9829,101,9830,179,Underlying
30000,702,24,701,46,700,70,703,26,704,50,705,78,Call
30000,882,44,881,78,880,132,883,46,884,75,885,93,Put
30000,9820,53,9819,66,9818,114,9821,44,9822,70,9823,113,Underlying
30100,694,34,693,40,692,61,695,29,696,36,697,61,Call
30100,886,39,885,71,884,120,887,43,888,92,889,139,Put
30100,9802,40,9801,61,9800,95,9803,37,9804,68,9805,107,Underlying
30200,696,50,695,56,694,61,697,51,698,62,699,65,Call
30200,884,32,883,59,882,112,885,35,886,55,887,106,Put
30200,9806,32,9805,68,9804,153,9807,33,9808,73,9809,123,Underlying
30300,714,33,713,41,712,55,715,28,716,41,717,51,Call
30300,866,25,865,51,864,121,867,30,868,52,869,100,Put
30300,9845,22,9844,41,9843,68,9846,25,9847,41,9848,79,Underlying
30400,732,39,731,61,730,65,733,36,734,59,735,66,Call
30400,850,33,849,55,848,96,851,39,852,65,853,87,Put
30400,9877,31,9876,37,9875,68,9878,29,9879,51,9880,46,Underlying
30500,782,42,781,50,780,79,783,38,784,69,785,88,Call
30500,806,28,805,34,804,65,807,24,808,49,809,52,Put
30500,9976,40,9975,49,9974,52,9977,41,9978,45,9979,52,Underlying
30600,797,38,796,75,795,123,798,43,799,81,800,162,Call
30600,795,27,794,44,793,107,796,23,797,49,798,111,Put
30600,10000,25,9999,52,9998,79,10001,30,10002,43,10003,67,Underlying
30700,742,57,741,66,740,103,743,54,744,56,745,97,Call
30700,839,40,838,61,837,117,840,35,841,58,842,91,Put
30700,9906,49,9905,53,9904,85,9907,37,9908,59,9909,117,Underlying
30800,748,45,747,63,746,161,749,42,750,83,751,125,Call
30800,839,42,838,57,837,74,840,37,841,66,842,70,Put
30800,9907,23,9906,33,9905,37,9908,25,9909,28,9910,35,Underlying
30900,765,34,764,74,763,152,766,46,767,59,768,124,Call
30900,819,44,818,67,817,110,820,43,821,89,822,123,Put
30900,9941,33,9940,82,9939,127,9942,36,9943,78,9944,117,Underlying
31000,740,36,739,101,738,154,741,47,742,79,743,147,Call
31000,839,38,838,54,837,130,840,32,841,60,842,116,Put
31000,9899,36,9898,47,9897,50,9900,34,9901,45,9902,49,Underlying
31100,736,34,735,31,734,51,737,27,738,31,739,41,Call
31100,851,27,850,32,849,41,852,24,853,27,854,44,Put
31100,9887,35,9886,85,9885,155,9888,35,9889,68,9890,131,Underlying
31200,748,31,747,47,746,62,749,34,750,34,751,54,Call
31200,835,40,834,71,833,119,836,40,837,82,838,127,Put
31200,9910,32,9909,57,9908,108,9911,43,9912,58,9913,134,Underlying
31300,704,42,703,83,702,103,705,47,706,80,707,98,Call
31300,879,51,878,106,877,194,880,41,881,78,882,169,Put
31300,9826,36,9825,55,9824,69,9827,31,9828,45,9829,93,Underlying
31400,750,23,749,35,748,69,751,26,752,36,753,65,Call
31400,834,37,833,57,832,53,835,36,836,41,837,68,Put
31400,9918,40,9917,56,9916,85,9919,43,9920,58,9921,84,Underlying
31500,732,38,731,79,730,210,733,53,734,101,735,208,Call
31500,852,37,851,51,850,102,853,28,854,48,855,116,Put
31500,9880,36,9879,69,9878,106,9881,44,9882,68,9883,115,Underlying
31600,740,44,739,78,738,152,741,40,742,78,743,153,Call
31600,845,53,844,64,843,88,846,50,847,57,848,80,Put
31600,9895,43,9894,64,9893,176,9896,41,9897,78,9898,155,Underlying
31700,743,50,742,71,741,79,744,52,745,72,746,87,Call
31700,844,37,843,74,842,153,845,43,846,64,847,133,Put
31700,9896,25,9895,35,9894,54,9897,28,9898,32,9899,43,Underlying
31800,660,46,659,67,658,65,661,50,662,50,663,84,Call
31800,924,39,923,60,922,67,925,37,926,62,927,71,Put
31800,9736,45,9735,69,9734,124,9737,38,9738,75,9739,143,Underlying
31900,674,27,673,55,672,99,675,36,676,52,677,93,Call
31900,903,51,902,65,901,106,904,54,905,82,906,126,Put
31900,9770,40,9769,51,9768,97,9771,33,9772,55,9773,101,Underlying
32000,646,29,645,65,644,111,647,40,648,58,649,134,Call
32000,943,34,942,57,941,76,944,28,945,54,946,97,Put
32000,9700,36,9699,76,9698,127,9701,41,9702,74,9703,114,Underlying
32100,665,40,664,74,663,91,666,52,667,72,668,88,Call
32100,916,39,915,52,914,91,917,34,918,70,919,81,Put
32100,9751,23,9750,41,9749,56,9752,24,9753,32,9754,51,Underlying
32200,685,36,684,44,683,81,686,35,687,58,688,87,Call
32200,898,45,897,75,896,161,899,38,900,82,901,161,Put
32200,9783,37,9782,35,9781,62,9784,30,9785,50,9786,48,Underlying
32300,653,23,652,43,651,45,654,24,655,29,656,51,Call
32300,927,50,926,67,925,138,928,48,929,64,930,116,Put
32300,9722,27,9721,69,9720,115,9723,33,9724,69,9725,98,Underlying
32400,689,39,688,70,687,85,690,47,691,56,692,85,Call
32400,896,35,895,71,894,120,897,39,898,65,899,95,Put
32400,9794,42,9793,87,9792,124,9795,42,9796,64,9797,137,Underlying
32500,726,41,725,73,724,87,727,51,728,65,729,81,Call
32500,856,35,855,49,854,64,857,35,858,50,859,69,Put
32500,9874,31,9873,48,9872,99,9875,42,9876,58,9877,111,Underlying
32600,745,22,744,31,743,41,746,30,747,30,748,45,Call
32600,837,36,836,68,835,126,838,29,839,68,840,98,Put
32600,9908,40,9907,67,9906,103,9909,37,9910,62,9911,101,Underlying
32700,749,47,748,59,747,126,750,52,751,58,752,107,Call
32700,839,23,838,47,837,53,840,28,841,33,842,73,Put
32700,9911,24,9910,31,9909,39,9912,23,9913,40,9914,53,Underlying
32800,715,20,714,33,713,71,716,25,717,47,718,54,Call
32800,869,43,868,57,867,134,870,46,871,62,872,119,Put
32800,9844,29,9843,47,9842,91,9845,25,9846,46,9847,74,Underlying
32900,743,38,742,67,741,96,744,29,745,57,746,140,Call
32900,842,27,841,41,840,41,843,28,844,44,845,54,Put
32900,9899,33,9898,80,9897,113,9900,34,9901,81,9902,107,Underlying
33000,768,30,767,44,766,87,769,23,770,52,771,110,Call
33000,822,29,821,59,820,82,823,35,824,44,825,81,Put
33000,9944,26,9943,41,9942,59,9945,25,9946,40,9947,53,Underlying
33100,768,25,767,34,766,44,769,29,770,28,771,51,Call
33100,815,28,814,61,813,105,816,33,817,59,818,106,Put
33100,9953,39,9952,46,9951,82,9954,39,9955,49,9956,86,Underlying
33200,779,33,778,36,777,72,780,30,781,55,782,74,Call
33200,811,30,810,53,809,64,812,25,813,48,814,68,Put
33200,9967,36,9966,69,9965,109,9968,38,9969,77,9970,119,Underlying
33300,791,29,790,52,789,82,792,34,793,53,794,78,Call
33300,798,37,797,49,796,54,799,36,800,37,801,64,Put
33300,9996,32,9995,45,9994,64,9997,32,9998,32,9999,46,Underlying
33400,794,41,793,74,792,134,795,35,796,66,797,95,Call
33400,792,26,791,53,790,94,793,22,794,42,795,98,Put
33400,10001,35,10000,49,9999,60,10002,42,10003,40,10004,58,Underlying
33500,760,32,759,59,758,138,761,43,762,60,763,144,Call
33500,828,39,827,93,826,195,829,42,830,81,831,167,Put
33500,9935,29,9934,74,9933,112,9936,34,9937,78,9938,128,Underlying
33600,726,21,725,31,724,38,727,23,728,40,729,50,Call
33600,854,46,853,76,852,119,855,33,856,79,857,137,Put
33600,9870,33,9869,65,9868,106,9871,43,9872,77,9873,101,Underlying
33700,745,28,744,34,743,40,746,24,747,31,748,43,Call
33700,836,29,835,40,834,46,837,27,838,40,839,45,Put
33700,9907,28,9906,47,9905,44,9908,31,9909,36,9910,63,Underlying
33800,738,38,737,72,736,97,739,33,740,56,741,109,Call
33800,847,30,846,30,845,41,848,33,849,32,850,37,Put
33800,9890,41,9889,59,9888,124,9891,33,9892,54,9893,111,Underlying
33900,765,28,764,41,763,49,766,24,767,43,768,48,Call
33900,824,28,823,39,822,93,825,24,826,56,827,67,Put
33900,9939,42,9938,59,9937,82,9940,51,9941,60,9942,71,Underlying
34000,806,31,805,35,804,61,807,31,808,42,809,61,Call
34000,785,33,784,41,783,36,786,23,787,29,788,39,Put
34000,10024,33,10023,43,10022,62,10025,28,10026,34,10027,56,Underlying
34100,834,31,833,40,832,89,835,27,836,44,837,79,Call
34100,765,30,764,74,763,145,766,36,767,64,768,113,Put
34100,10067,40,10066,75,10065,149,10068,45,10069,68,10070,113,Underlying
34200,868,40,867,47,866,67,869,38,870,48,871,92,Call
34200,734,43,733,70,732,121,735,31,736,67,737,148,Put
34200,10131,36,10130,44,10129,56,10132,31,10133,37,10134,43,Underlying
34300,832,46,831,96,830,161,833,55,834,99,835,168,Call
34300,766,44,765,78,764,145,767,44,768,69,769,141,Put
34300,10066,40,10065,85,10064,152,10067,36,10068,73,10069,143,Underlying
34400,864,32,863,39,862,47,865,28,866,39,867,41,Call
34400,741,47,740,83,739,130,742,37,743,59,744,119,Put
34400,10121,33,10120,55,10119,77,10122,43,10123,50,10124,73,Underlying
34500,818,24,817,64,816,93,819,32,820,57,821,95,Call
34500,775,45,774,62,773,78,776,37,777,54,778,77,Put
34500,10038,43,10037,66,10036,119,10039,54,10040,79,10041,97,Underlying
34600,777,37,776,69,775,97,778,31,779,54,780,116,Call
34600,809,22,808,43,807,59,810,32,811,39,812,41,Put
34600,9966,43,9965,76,9964,162,9967,52,9968,82,9969,165,Underlying
34700,750,42,749,53,748,119,751,31,752,67,753,119,Call
34700,834,46,833,78,832,139,835,38,836,82,837,121,Put
34700,9920,26,9919,49,9918,59,9921,29,9922,44,9923,85,Underlying
34800,741,29,740,60,739,142,742,41,743,56,744,142,Call
34800,845,22,844,30,843,51,846,30,847,29,848,56,Put
34800,9896,28,9895,36,9894,57,9897,32,9898,30,9899,42,Underlying
34900,709,32,708,57,707,66,710,33,711,46,712,63,Call
34900,877,30,876,62,875,123,878,24,879,50,880,103,Put
34900,9832,29,9831,49,9830,84,9833,32,9834,49,9835,84,Underlying
35000,715,32,714,54,713,66,716,41,717,51,718,56,Call
35000,868,25,867,40,866,77,869,27,870,36,871,83,Put
35000,9848,27,9847,34,9846,37,9849,22,9850,29,9851,42,Underlying
35100,718,49,717,64,716,156,719,42,720,83,721,156,Call
35100,866,33,865,38,864,46,867,33,868,45,869,53,Put
35100,9850,56,9849,75,9848,110,9851,43,9852,68,9853,111,Underlying
35200,740,32,739,44,738,94,741,26,742,47,743,70,Call
35200,844,37,843,77,842,155,845,32,846,82,847,113,Put
35200,9895,35,9894,49,9893,75,9896,40,9897,51,9898,84,Underlying
35300,776,30,775,55,774,64,777,28,778,48,779,90,Call
35300,811,41,810,52,809,61,812,39,813,41,814,53,Put
35300,9968,41,9967,79,9966,128,9969,37,9970,69,9971,115,Underlying
35400,734,52,733,54,732,103,735,38,736,57,737,80,Call
35400,850,32,849,60,848,89,851,26,852,50,853,99,Put
35400,9885,39,9884,61,9883,92,9886,38,9887,50,9888,81,Underlying
35500,783,26,782,42,781,54,784,28,785,34,786,48,Call
35500,806,31,805,65,804,136,807,27,808,68,809,110,Put
35500,9974,52,9973,57,9972,117,9975,53,9976,80,9977,107,Underlying
35600,810,47,809,86,808,109,811,46,812,69,813,133,Call
35600,783,34,782,55,781,101,784,37,785,53,786,96,Put
35600,10029,39,10028,88,10027,170,10030,46,10031,71,10032,161,Underlying
35700,803,38,802,79,801,163,804,34,805,79,806,166,Call
35700,790,37,789,62,788,120,791,43,792,74,793,134,Put
35700,10018,23,10017,59,10016,83,10019,23,10020,48,10021,79,Underlying
35800,779,25,778,33,777,55,780,29,781,36,782,45,Call
35800,811,39,810,76,809,118,812,38,813,87,814,146,Put
35800,9966,44,9965,73,9964,90,9967,46,9968,74,9969,74,Underlying
35900,826,40,825,60,824,67,827,39,828,55,829,89,Call
35900,770,37,769,51,768,99,771,37,772,53,773,90,Put
35900,10057,44,10056,55,10055,68,10058,46,10059,42,10060,74,Underlying
36000,823,36,822,51,821,72,824,37,825,52,826,70,Call
36000,771,39,770,69,769,129,772,35,773,69,774,95,Put
36000,10055,47,10054,72,10053,100,10056,42,10057,68,10058,90,Underlying
36100,764,40,763,51,762,92,765,38,766,62,767,103,Call
36100,823,33,822,79,821,104,824,46,825,68,826,128,Put
36100,9947,34,9946,54,9945,59,9948,42,9949,49,9950,64,Underlying
36200,750,40,749,49,748,71,751,40,752,45,753,62,Call
36200,836,26,835,61,834,82,837,32,838,48,839,103,Put
36200,9911,35,9910,62,9909,138,9912,30,9913,58,9914,154,Underlying
36300,766,28,765,47,764,79,767,26,768,49,769,73,Call
36300,820,24,819,35,818,43,821,24,822,40,823,54,Put
36300,9948,33,9947,41,9946,76,9949,33,9950,48,9951,76,Underlying
36400,750,33,749,59,748,123,751,32,752,68,753,137,Call
36400,833,52,832,86,831,123,834,52,835,95,836,146,Put
36400,9911,26,9910,31,9909,56,9912,23,9913,38,9914,50,Underlying
36500,707,36,706,79,705,157,708,35,709,77,710,168,Call
36500,875,22,874,45,873,53,876,31,877,44,878,62,Put
36500,9831,41,9830,89,9829,172,9832,52,9833,72,9834,198,Underlying
36600,700,30,699,60,698,88,701,40,702,45,703,94,Call
36600,881,49,880,68,879,106,882,44,883,50,884,78,Put
36600,9814,45,9813,67,9812,127,9815,43,9816,81,9817,119,Underlying
36700,690,27,689,61,688,110,691,35,692,63,693,107,Call
36700,897,29,896,42,895,65,898,25,899,42,900,61,Put
36700,9789,40,9788,46,9787,57,9790,36,9791,48,9792,59,Underlying
36800,649,38,648,53,647,98,650,33,651,57,652,129,Call
36800,933,21,932,45,931,50,934,23,935,38,936,65,Put
36800,9717,27,9716,46,9715,53,9718,28,9719,36,9720,57,Underlying
36900,628,33,627,63,626,113,629,28,630,55,631,110,Call
36900,955,44,954,45,953,65,956,45,957,53,958,71,Put
36900,9668,31,9667,47,9666,55,9669,27,9670,38,9671,50,Underlying
37000,649,35,648,65,647,144,650,44,651,83,652,138,Call
37000,938,48,937,79,936,120,939,48,940,62,941,98,Put
37000,9711,21,9710,36,9709,47,9712,31,9713,38,9714,46,Underlying
37100,632,28,631,43,630,55,633,42,634,43,635,54,Call
37100,957,34,956,63,955,106,958,41,959,52,960,80,Put
37100,9674,30,9673,29,9672,44,9675,27,9676,33,9677,45,Underlying
37200,662,29,661,47,660,54,663,26,664,38,665,59,Call
37200,919,36,918,72,917,105,920,31,921,74,922,116,Put
37200,9737,42,9736,68,9735,147,9738,46,9739,69,9740,172,Underlying
37300,681,45,680,72,679,94,682,44,683,60,684,98,Call
37300,904,31,903,42,902,69,905,29,906,56,907,71,Put
37300,9775,39,9774,64,9773,141,9776,30,9777,69,9778,113,Underlying
37400,694,38,693,68,692,106,695,36,696,54,697,95,Call
37400,888,43,887,81,886,126,889,39,890,74,891,129,Put
37400,9801,39,9800,74,9799,115,9802,53,9803,71,9804,133,Underlying
37500,676,35,675,73,674,79,677,39,678,63,679,77,Call
37500,909,21,908,38,907,69,910,26,911,36,912,64,Put
37500,9766,37,9765,94,9764,143,9767,40,9768,105,9769,166,Underlying
37600,652,30,651,69,650,97,653,44,654,50,655,99,Call
37600,930,33,929,40,928,89,931,23,932,40,933,80,Put
37600,9724,32,9723,42,9722,85,9725,24,9726,52,9727,105,Underlying
37700,660,36,659,70,658,116,661,43,662,68,663,115,Call
37700,923,45,922,105,921,179,924,52,925,102,926,190,Put
37700,9737,23,9736,49,9735,73,9738,23,9739,44,9740,74,Underlying
37800,658,21,657,45,656,57,659,22,660,43,661,59,Call
37800,927,46,926,69,925,142,928,45,929,73,930,103,Put
37800,9731,22,9730,45,9729,91,9732,21,9733,42,9734,90,Underlying
37900,700,37,699,60,698,68,701,33,702,56,703,87,Call
37900,886,28,885,38,884,49,887,31,888,36,889,61,Put
37900,9813,31,9812,48,9811,82,9814,28,9815,54,9816,92,Underlying
38000,653,34,652,54,651,104,654,26,655,42,656,94,Call
38000,931,37,930,80,929,143,932,52,933,81,934,167,Put
38000,9724,28,9723,31,9722,55,9725,21,9726,36,9727,65,Underlying
38100,646,30,645,85,644,116,647,43,648,73,649,112,Call
38100,939,50,938,60,937,79,940,48,941,64,942,95,Put
38100,9705,51,9704,109,9703,185,9706,44,9707,97,9708,202,Underlying
38200,625,32,624,54,623,89,626,27,627,65,628,110,Call
38200,964,37,963,59,962,112,965,34,966,55,967,94,Put
38200,9656,26,9655,52,9654,109,9657,30,9658,61,9659,112,Underlying
38300,618,28,617,43,616,61,619,24,620,43,621,66,Call
38300,972,37,971,48,970,56,973,31,974,52,975,61,Put
38300,9646,37,9645,70,9644,127,9647,30,9648,54,9649,116,Underlying
38400,630,34,629,52,628,59,631,29,632,39,633,61,Call
38400,958,29,957,47,956,74,959,34,960,40,961,70,Put
38400,9672,34,9671,53,9670,117,9673,34,9674,57,9675,130,Underlying
38500,598,23,597,35,596,78,599,27,600,36,601,85,Call
38500,993,47,992,70,991,94,994,41,995,70,996,76,Put
38500,9605,43,9604,48,9603,73,9606,31,9607,62,9608,68,Underlying
38600,558,42,557,84,556,167,559,46,560,100,561,122,Call
38600,1043,30,1042,46,1041,58,1044,32,1045,57,1046,73,Put
38600,9516,44,9515,62,9514,83,9517,46,9518,69,9519,90,Underlying
38700,525,33,524,67,523,112,526,39,527,65,528,108,Call
38700,1084,42,1083,63,1082,104,1085,37,1086,78,1087,104,Put
38700,9436,37,9435,56,9434,55,9437,37,9438,48,9439,79,Underlying
38800,518,29,517,50,516,77,519,27,520,55,521,93,Call
38800,1093,45,1092,91,1091,151,1094,43,1095,77,1096,134,Put
38800,9427,31,9426,85,9425,137,9428,40,9429,72,9430,152,Underlying
38900,525,22,524,46,523,76,526,28,527,45,528,77,Call
38900,1090,27,1089,58,1088,106,1091,31,1092,48,1093,111,Put
38900,9431,45,9430,95,9429,147,9432,50,9433,80,9434,166,Underlying
39000,515,41,514,68,513,152,516,43,517,73,518,144,Call
39000,1103,33,1102,49,1101,81,1104,36,1105,52,1106,105,Put
39000,9413,29,9412,60,9411,131,9414,33,9415,70,9416,101,Underlying
39100,523,34,522,52,521,69,524,23,525,55,526,88,Call
39100,1090,38,1089,43,1088,96,1091,37,1092,44,1093,95,Put
39100,9433,40,9432,46,9431,69,9434,33,9435,47,9436,51,Underlying
39200,532,39,531,46,530,81,533,29,534,59,535,66,Call
39200,1075,25,1074,29,1073,46,1076,28,1077,41,1078,52,Put
39200,9456,29,9455,48,9454,78,9457,34,9458,46,9459,101,Underlying
39300,551,33,550,41,549,71,552,28,553,50,554,99,Call
39300,1051,47,1050,90,1049,151,1052,45,1053,63,1054,136,Put
39300,9500,30,9499,44,9498,96,9501,34,9502,53,9503,74,Underlying
39400,600,53,599,75,598,136,601,51,602,85,603,134,Call
39400,986,31,985,38,984,95,987,32,988,47,989,100,Put
39400,9613,53,9612,47,9611,58,9614,48,9615,52,9616,60,Underlying
39500,569,36,568,49,567,76,570,35,571,38,572,74,Call
39500,1023,26,1022,51,1021,108,1024,33,1025,43,1026,107,Put
39500,9550,36,9549,93,9548,159,9551,50,9552,78,9553,127,Underlying
39600,579,39,578,64,577,75,580,46,581,50,582,63,Call
39600,1014,31,1013,68,1012,97,1015,31,1016,51,1017,115,Put
39600,9559,34,9558,64,9557,77,9560,38,9561,69,9562,100,Underlying
39700,565,42,564,55,563,106,566,35,567,56,568,90,Call
39700,1034,46,1033,56,1032,96,1035,37,1036,53,1037,75,Put
39700,9529,28,9528,49,9527,65,9530,29,9531,44,9532,65,Underlying
39800,560,57,559,79,558,171,561,45,562,83,563,173,Call
39800,1040,45,1039,57,1038,65,1041,49,1042,65,1043,60,Put
39800,9519,40,9518,63,9517,77,9520,41,9521,56,9522,91,Underlying
39900,592,29,591,49,590,68,593,26,594,44,595,69,Call
39900,1002,26,1001,40,1000,65,1003,35,1004,45,1005,57,Put
39900,9589,31,9588,39,9587,61,9590,28,9591,45,9592,54,Underlying
40000,617,44,616,72,615,143,618,48,619,81,620,133,Call
40000,970,36,969,74,968,107,971,48,972,71,973,100,Put
40000,9646,54,9645,72,9644,122,9647,37,9648,69,9649,107,Underlying
40100,647,43,646,90,645,166,648,39,649,83,650,187,Call
40100,939,52,938,72,937,193,940,42,941,92,942,175,Put
40100,9709,42,9708,58,9707,54,9710,41,9711,52,9712,66,Underlying
40200,643,28,642,41,641,53,644,38,645,38,646,51,Call
40200,937,34,936,62,935,69,938,33,939,58,940,94,Put
40200,9703,36,9702,66,9701,144,9704,34,9705,62,9706,118,Underlying
40300,636,28,635,62,634,91,637,32,638,57,639,85,Call
40300,949,38,948,75,947,141,950,54,951,78,952,132,Put
40300,9687,24,9686,37,9685,67,9688,29,9689,43,9690,65,Underlying
40400,618,23,617,52,616,75,619,28,620,46,621,72,Call
40400,970,28,969,56,968,120,971,33,972,45,973,91,Put
40400,9648,37,9647,81,9646,152,9649,41,9650,90,9651,135,Underlying
40500,677,36,676,33,675,52,678,32,679,43,680,42,Call
40500,908,46,907,75,906,119,909,55,910,65,911,141,Put
40500,9769,38,9768,66,9767,72,9770,43,9771,56,9772,70,Underlying
40600,657,22,656,47,655,64,658,30,659,52,660,70,Call
40600,926,38,925,51,924,83,927,36,928,51,929,91,Put
40600,9729,32,9728,51,9727,113,9730,33,9731,49,9732,90,Underlying
40700,624,44,623,57,622,115,625,54,626,60,627,88,Call
40700,964,51,963,68,962,94,965,53,966,59,967,132,Put
40700,9661,35,9660,74,9659,123,9662,42,9663,72,9664,97,Underlying
40800,685,35,684,48,683,64,686,43,687,42,688,71,Call
40800,898,31,897,54,896,86,899,40,900,44,901,92,Put
40800,9791,31,9790,46,9789,88,9792,31,9793,46,9794,92,Underlying
40900,666,30,665,51,664,85,667,25,668,56,669,79,Call
40900,918,24,917,35,916,69,919,21,920,33,921,56,Put
40900,9746,34,9745,44,9744,82,9747,30,9748,41,9749,65,Underlying
41000,651,42,650,74,649,140,652,42,653,68,654,125,Call
41000,934,25,933,51,932,72,935,31,936,54,937,72,Put
41000,9716,23,9715,44,9714,45,9717,23,9718,43,9719,53,Underlying
41100,623,24,622,34,621,52,624,27,625,35,626,60,Call
41100,966,46,965,57,964,73,967,33,968,41,969,66,Put
41100,9657,36,9656,76,9655,102,9658,45,9659,75,9660,115,Underlying
41200,663,29,662,44,661,54,664,26,665,42,666,67,Call
41200,918,42,917,78,916,142,919,45,920,71,921,197,Put
41200,9749,28,9748,27,9747,43,9750,27,9751,31,9752,55,Underlying
41300,698,35,697,38,696,78,699,32,700,37,701,70,Call
41300,888,28,887,48,886,58,889,33,890,45,891,59,Put
41300,9808,29,9807,59,9806,115,9809,29,9810,68,9811,95,Underlying
41400,662,42,661,47,660,76,663,53,664,60,665,77,Call
41400,923,27,922,29,921,48,924,27,925,27,926,42,Put
41400,9741,49,9740,64,9739,79,9742,41,9743,60,9744,80,Underlying
41500,584,40,583,71,582,105,585,53,586,79,587,106,Call
41500,1007,36,1006,61,1005,101,1008,31,1009,52,1010,97,Put
41500,9571,44,9570,64,9569,80,9572,42,9573,52,9574,77,Underlying
41600,613,41,612,57,611,60,614,43,615,53,616,67,Call
41600,975,44,974,68,973,162,976,33,977,81,978,157,Put
41600,9635,43,9634,70,9633,121,9636,36,9637,65,9638,163,Underlying
41700,612,37,611,59,610,75,613,42,614,43,615,60,Call
41700,980,52,979,87,978,119,981,46,982,70,983,129,Put
41700,9634,54,9633,78,9632,81,9635,48,9636,61,9637,115,Underlying
41800,592,21,591,32,590,41,593,21,594,42,595,43,Call
41800,999,35,998,41,997,53,1000,27,1001,43,1002,48,Put
41800,9591,35,9590,67,9589,119,9592,27,9593,48,9594,133,Underlying
41900,620,32,619,51,618,91,621,34,622,55,623,103,Call
41900,969,31,968,42,967,55,970,28,971,36,972,48,Put
41900,9652,23,9651,32,9650,45,9653,20,9654,27,9655,36,Underlying
42000,588,40,587,76,586,103,589,45,590,63,591,116,Call
42000,1007,27,1006,48,1005,60,1008,30,1009,37,1010,50,Put
42000,9581,41,9580,73,9579,181,9582,38,9583,82,9584,167,Underlying
42100,600,21,599,30,598,57,601,25,602,33,603,48,Call
42100,991,33,990,52,989,82,992,38,993,52,994,74,Put
42100,9605,46,9604,71,9603,88,9606,36,9607,73,9608,96,Underlying
42200,587,29,586,31,585,35,588,28,589,35,590,33,Call
42200,1006,51,1005,66,1004,96,1007,57,1008,75,1009,101,Put
42200,9582,37,9581,63,9580,117,9583,28,9584,49,9585,127,Underlying
42300,587,37,586,45,585,95,588,31,589,50,590,80,Call
42300,1006,22,1005,43,1004,70,1007,26,1008,38,1009,87,Put
42300,9582,40,9581,83,9580,168,9583,43,9584,66,9585,148,Underlying
42400,607,25,606,57,605,116,608,29,609,44,610,99,Call
42400,985,34,984,58,983,85,986,30,987,46,988,75,Put
42400,9623,30,9622,56,9621,93,9624,32,9625,64,9626,95,Underlying
42500,619,38,618,51,617,90,620,36,621,67,622,89,Call
42500,972,29,971,63,970,83,973,34,974,44,975,86,Put
42500,9648,47,9647,80,9646,175,9649,48,9650,87,9651,143,Underlying
42600,623,46,622,51,621,86,624,33,625,55,626,91,Call
42600,966,43,965,62,964,109,967,36,968,70,969,113,Put
42600,9656,46,9655,93,9654,123,9657,34,9658,79,9659,143,Underlying
42700,619,45,618,61,617,57,620,36,621,53,622,72,Call
42700,969,35,968,63,967,101,970,30,971,60,972,110,Put
42700,9650,20,9649,41,9648,74,9651,29,9652,39,9653,76,Underlying
42800,588,49,587,61,586,119,589,47,590,59,591,87,Call
42800,1005,53,1004,87,1003,146,1006,41,1007,73,1008,111,Put
42800,9583,32,9582,52,9581,66,9584,28,9585,50,9586,63,Underlying
42900,652,45,651,65,650,103,653,32,654,71,655,121,Call
42900,937,41,936,54,935,93,938,38,939,63,940,90,Put
42900,9714,26,9713,34,9712,43,9715,29,9716,33,9717,40,Underlying
43000,636,35,635,53,634,91,637,35,638,63,639,106,Call
43000,948,33,947,55,946,86,949,33,950,54,951,112,Put
43000,9690,37,9689,46,9688,82,9691,28,9692,56,9693,85,Underlying
43100,666,25,665,46,664,87,667,37,668,49,669,91,Call
43100,919,25,918,47,917,68,920,24,921,50,922,72,Put
43100,9747,40,9746,68,9745,121,9748,39,9749,67,9750,120,Underlying
43200,642,29,641,42,640,54,643,34,644,55,645,63,Call
43200,943,29,942,47,941,94,944,27,945,51,946,70,Put
43200,9694,32,9693,53,9692,82,9695,31,9696,42,9697,71,Underlying
43300,667,44,666,58,665,82,668,49,669,50,670,81,Call
43300,914,21,913,34,912,61,915,25,916,40,917,52,Put
43300,9756,33,9755,35,9754,63,9757,26,9758,34,9759,56,Underlying
43400,701,37,700,74,699,122,702,40,703,62,704,122,Call
43400,883,27,882,60,881,131,884,29,885,57,886,115,Put
43400,9817,46,9816,48,9815,59,9818,41,9819,48,9820,74,Underlying
43500,699,35,698,65,697,132,700,42,701,61,702,101,Call
43500,885,42,884,50,883,74,886,51,887,62,888,83,Put
43500,9814,30,9813,43,9812,54,9815,39,9816,41,9817,60,Underlying
43600,722,53,721,70,720,140,723,44,724,62,725,103,Call
43600,863,46,862,59,861,112,864,38,865,53,866,87,Put
43600,9858,39,9857,96,9856,214,9859,40,9860,97,9861,154,Underlying
43700,731,32,730,67,729,131,732,31,733,75,734,117,Call
43700,856,28,855,45,854,108,857,23,858,46,859,94,Put
43700,9874,39,9873,49,9872,85,9875,45,9876,62,9877,90,Underlying
43800,729,47,728,49,727,74,730,34,731,44,732,67,Call
43800,854,32,853,56,852,117,855,30,856,60,857,119,Put
43800,9879,43,9878,60,9877,68,9880,54,9881,49,9882,72,Underlying
43900,726,24,725,49,724,72,727,32,728,40,729,100,Call
43900,858,35,857,67,856,121,859,36,860,75,861,108,Put
43900,9867,30,9866,45,9865,60,9868,33,9869,46,9870,47,Underlying
44000,725,34,724,52,723,53,726,38,727,37,728,65,Call
44000,860,39,859,64,858,112,861,35,862,59,863,113,Put
44000,9864,27,9863,27,9862,34,9865,27,9866,36,9867,45,Underlying
44100,772,30,771,49,770,75,773,37,774,64,775,82,Call
44100,812,45,811,77,810,145,813,32,814,64,815,119,Put
44100,9954,41,9953,49,9952,77,9955,44,9956,49,9957,78,Underlying
44200,794,33,793,59,792,92,795,40,796,68,797,131,Call
44200,798,36,797,61,796,101,799,34,800,68,801,108,Put
44200,9998,24,9997,36,9996,55,9999,25,10000,42,10001,55,Underlying
44300,839,26,838,50,837,60,840,32,841,56,842,68,Call
44300,758,34,757,49,756,83,759,40,760,44,761,71,Put
44300,10082,28,10081,37,10080,52,10083,30,10084,43,10085,58,Underlying
44400,859,25,858,33,857,34,860,24,861,38,862,42,Call
44400,746,30,745,39,744,76,747,28,748,43,749,61,Put
44400,10112,40,10111,43,10110,60,10113,35,10114,49,10115,50,Underlying
44500,873,37,872,42,871,45,874,38,875,49,876,53,Call
44500,732,37,731,66,730,94,733,33,734,61,735,97,Put
44500,10143,34,10142,61,10141,77,10144,35,10145,47,10146,104,Underlying
44600,895,32,894,39,893,73,896,35,897,49,898,59,Call
44600,720,34,719,43,718,42,721,33,722,36,723,41,Put
44600,10176,47,10175,85,10174,105,10177,40,10178,68,10179,118,Underlying
44700,936,43,935,90,934,155,937,46,938,106,939,163,Call
44700,685,22,684,27,683,41,686,31,687,30,688,51,Put
44700,10254,54,10253,55,10252,85,10255,52,10256,56,10257,71,Underlying
44800,952,42,951,63,950,107,953,44,954,53,955,84,Call
44800,676,21,675,46,674,106,677,24,678,51,679,107,Put
44800,10274,28,10273,67,10272,95,10275,29,10276,60,10277,115,Underlying
44900,958,39,957,69,956,94,959,39,960,74,961,91,Call
44900,672,35,671,63,670,163,673,48,674,86,675,171,Put
44900,10286,26,10285,57,10284,97,10287,30,10288,61,10289,118,Underlying
45000,1005,47,1004,65,1003,112,1006,39,1007,74,1008,115,Call
45000,638,21,637,46,636,83,639,31,640,34,641,58,Put
45000,10364,48,10363,70,10362,187,10365,44,10366,85,10367,183,Underlying
45100,1075,37,1074,80,1073,154,1076,33,1077,62,1078,152,Call
45100,598,22,597,45,596,65,599,30,600,44,601,77,Put
45100,10477,44,10476,51,10475,68,10478,44,10479,44,10480,54,Underlying
45200,1115,49,1114,86,1113,120,1116,33,1117,83,1118,125,Call
45200,576,39,575,57,574,79,577,53,578,48,579,77,Put
45200,10540,30,10539,46,10538,70,10541,34,10542,35,10543,73,Underlying
45300,995,40,994,48,993,84,996,40,997,49,998,90,Call
45300,647,51,646,57,645,83,648,53,649,55,650,71,Put
45300,10348,43,10347,54,10346,112,10349,32,10350,75,10351,110,Underlying
45400,913,31,912,43,911,49,914,24,915,41,916,50,Call
45400,707,37,706,48,705,73,708,29,709,44,710,53,Put
45400,10206,36,10205,60,10204,82,10207,28,10208,58,10209,102,Underlying
45500,887,47,886,69,885,132,888,48,889,81,890,156,Call
45500,725,41,724,44,723,54,726,32,727,48,728,48,Put
45500,10162,23,10161,54,10160,116,10163,26,10164,64,10165,101,Underlying
45600,905,46,904,69,903,75,906,51,907,65,908,87,Call
45600,711,26,710,44,709,74,712,22,713,45,714,63,Put
45600,10190,26,10189,46,10188,54,10191,31,10192,31,10193,54,Underlying
45700,867,51,866,84,865,157,868,42,869,78,870,148,Call
45700,739,43,738,84,737,143,740,46,741,89,742,146,Put
45700,10128,23,10127,43,10126,67,10129,32,10130,31,10131,47,Underlying
45800,789,28,788,44,787,105,790,24,791,51,792,109,Call
45800,803,25,802,56,801,77,804,26,805,43,806,60,Put
45800,9987,41,9986,57,9985,125,9988,47,9989,66,9990,109,Underlying
45900,787,43,786,81,785,107,788,52,789,75,790,105,Call
45900,803,33,802,46,801,63,804,29,805,47,806,65,Put
45900,9983,45,9982,65,9981,74,9984,43,9985,58,9986,81,Underlying
46000,737,30,736,36,735,55,738,29,739,36,740,62,Call
46000,851,30,850,48,849,66,852,29,853,35,854,64,Put
46000,9885,33,9884,41,9883,50,9886,30,9887,38,9888,48,Underlying
46100,740,57,739,63,738,74,741,49,742,71,743,73,Call
46100,842,35,841,38,840,60,843,33,844,35,845,43,Put
46100,9901,49,9900,65,9899,123,9902,53,9903,78,9904,118,Underlying
46200,713,40,712,99,711,131,714,46,715,100,716,158,Call
46200,870,41,869,73,868,162,871,50,872,76,873,146,Put
46200,9842,45,9841,88,9840,120,9843,54,9844,91,9845,119,Underlying
46300,709,36,708,63,707,106,710,29,711,56,712,95,Call
46300,874,30,873,52,872,69,875,26,876,49,877,73,Put
46300,9834,30,9833,53,9832,92,9835,31,9836,58,9837,97,Underlying
46400,727,33,726,71,725,100,728,35,729,58,730,139,Call
46400,859,35,858,71,857,129,860,38,861,85,862,161,Put
46400,9867,32,9866,43,9865,92,9868,31,9869,50,9870,69,Underlying
46500,783,33,782,67,781,118,784,30,785,69,786,122,Call
46500,808,50,807,71,806,183,809,50,810,77,811,129,Put
46500,9974,32,9973,59,9972,137,9975,37,9976,71,9977,118,Underlying
46600,818,43,817,57,816,81,819,42,820,64,821,91,Call
46600,778,26,777,57,776,85,779,27,780,42,781,82,Put
46600,10042,32,10041,41,10040,49,10043,42,10044,52,10045,47,Underlying
46700,845,51,844,78,843,126,846,41,847,67,848,126,Call
46700,755,27,754,42,753,50,756,31,757,44,758,54,Put
46700,10094,41,10093,55,10092,87,10095,38,10096,56,10097,121,Underlying
46800,847,50,846,83,845,190,848,35,849,89,850,187,Call
46800,752,32,751,48,750,49,753,34,754,41,755,53,Put
46800,10091,31,10090,51,10089,79,10092,45,10093,68,10094,75,Underlying
46900,878,45,877,57,876,80,879,37,880,75,881,103,Call
46900,731,37,730,50,729,74,732,29,733,55,734,87,Put
46900,10146,27,10145,57,10144,99,10147,31,10148,52,10149,71,Underlying
47000,844,41,843,64,842,102,845,37,846,57,847,90,Call
47000,759,23,758,36,757,70,760,29,761,37,762,72,Put
47000,10088,36,10087,47,10086,113,10089,30,10090,53,10091,115,Underlying
47100,836,30,835,46,834,75,837,27,838,49,839,75,Call
47100,763,42,762,62,761,111,764,51,765,62,766,136,Put
47100,10071,54,10070,87,10069,146,10072,49,10073,78,10074,121,Underlying
47200,842,29,841,42,840,57,843,31,844,40,845,49,Call
47200,758,46,757,53,756,69,759,36,760,54,761,71,Put
47200,10082,37,10081,65,10080,104,10083,50,10084,53,10085,103,Underlying
47300,765,23,764,42,763,82,766,31,767,43,768,73,Call
47300,820,32,819,36,818,58,821,24,822,48,823,65,Put
47300,9949,26,9948,51,9947,124,9950,34,9951,64,9952,118,Underlying
47400,782,30,781,64,780,92,783,37,784,44,785,106,Call
47400,804,28,803,48,802,90,805,31,806,42,807,112,Put
47400,9980,41,9979,51,9978,90,9981,33,9982,55,9983,111,Underlying
47500,840,56,839,63,838,91,841,46,842,62,843,74,Call
47500,757,31,756,32,755,57,758,32,759,43,760,58,Put
47500,10078,31,10077,51,10076,82,10079,38,10080,46,10081,94,Underlying
47600,819,51,818,46,817,75,820,54,821,50,822,60,Call
47600,776,38,775,43,774,76,777,36,778,57,779,66,Put
47600,10042,23,10041,46,10040,88,10043,27,10044,51,10045,69,Underlying
47700,768,32,767,42,766,39,769,33,770,30,771,53,Call
47700,823,32,822,65,821,81,824,36,825,51,826,84,Put
47700,9941,39,9940,55,9939,67,9942,39,9943,47,9944,59,Underlying
47800,757,30,756,36,755,69,758,29,759,43,760,52,Call
47800,832,28,831,49,830,63,833,30,834,37,835,71,Put
47800,9922,28,9921,53,9920,128,9923,40,9924,79,9925,114,Underlying
47900,735,28,734,47,733,89,736,32,737,43,738,106,Call
47900,848,21,847,31,846,54,849,24,850,30,851,52,Put
47900,9889,37,9888,51,9887,63,9890,33,9891,51,9892,64,Underlying
48000,698,35,697,53,696,77,699,44,700,55,701,78,Call
48000,885,38,884,34,883,65,886,35,887,42,888,65,Put
48000,9811,47,9810,83,9809,115,9812,42,9813,86,9814,145,Underlying
48100,641,39,640,49,639,55,642,47,643,49,644,59,Call
48100,946,26,945,49,944,58,947,36,948,49,949,72,Put
48100,9693,50,9692,63,9691,88,9694,47,9695,71,9696,109,Underlying
48200,639,35,638,46,637,63,640,44,641,47,642,82,Call
48200,945,42,944,76,943,104,946,45,947,73,948,90,Put
48200,9698,30,9697,48,9696,72,9699,40,9700,44,9701,97,Underlying
48300,595,39,594,86,593,160,596,42,597,79,598,152,Call
48300,999,30,998,43,997,86,1000,38,1001,52,1002,93,Put
48300,9596,38,9595,69,9594,125,9597,51,9598,75,9599,112,Underlying
48400,618,34,617,53,616,96,619,35,620,58,621,110,Call
48400,971,32,970,52,969,95,972,26,973,50,974,120,Put
48400,9644,36,9643,62,9642,94,9645,36,9646,70,9647,91,Underlying
48500,623,50,622,95,621,155,624,35,625,92,626,176,Call
48500,961,31,960,39,959,64,962,25,963,47,964,82,Put
48500,9662,31,9661,61,9660,130,9663,36,9664,61,9665,127,Underlying
48600,633,39,632,41,631,81,634,34,635,56,636,57,Call
48600,956,53,955,77,954,124,957,43,958,62,959,110,Put
48600,9678,31,9677,42,9676,68,9679,33,9680,46,9681,64,Underlying
48700,629,24,628,32,627,43,630,23,631,41,632,53,Call
48700,960,37,959,51,958,82,961,26,962,57,963,91,Put
48700,9668,23,9667,41,9666,101,9669,25,9670,44,9671,82,Underlying
48800,641,35,640,71,639,149,642,40,643,85,644,171,Call
48800,948,48,947,60,946,123,949,47,950,74,951,117,Put
48800,9693,36,9692,89,9691,187,9694,36,9695,93,9696,141,Underlying
48900,590,46,589,50,588,99,591,46,592,71,593,91,Call
48900,1004,31,1003,44,1002,66,1005,29,1006,38,1007,48,Put
48900,9586,42,9585,100,9584,195,9587,39,9588,97,9589,184,Underlying
49000,598,24,597,55,596,98,599,24,600,50,601,96,Call
49000,994,28,993,56,992,118,995,35,996,52,997,115,Put
49000,9605,30,9604,36,9603,48,9606,36,9607,49,9608,53,Underlying
49100,628,38,627,90,626,153,629,39,630,79,631,143,Call
49100,959,32,958,48,957,94,960,31,961,59,962,102,Put
49100,9667,43,9666,66,9665,102,9668,49,9669,73,9670,107,Underlying
49200,676,43,675,83,674,139,677,50,678,81,679,126,Call
49200,909,31,908,65,907,112,910,30,911,51,912,121,Put
49200,9769,40,9768,90,9767,204,9770,51,9771,77,9772,179,Underlying
49300,582,34,581,60,580,88,583,40,584,57,585,67,Call
49300,1011,23,1010,30,1009,45,1012,29,1013,41,1014,59,Put
49300,9567,24,9566,47,9565,59,9568,21,9569,37,9570,64,Underlying
49400,590,55,589,82,588,121,591,55,592,74,593,137,Call
49400,1003,30,1002,43,1001,69,1004,28,1005,40,1006,61,Put
49400,9588,42,9587,50,9586,76,9589,36,9590,64,9591,101,Underlying
49500,592,26,591,44,590,44,593,28,594,46,595,52,Call
49500,999,40,998,71,997,109,1000,30,1001,74,1002,154,Put
49500,9594,30,9593,41,9592,59,9595,32,9596,44,9597,62,Underlying
49600,558,29,557,33,556,49,559,25,560,38,561,46,Call
49600,1039,40,1038,61,1037,128,1040,31,1041,75,1042,139,Put
49600,9515,26,9514,48,9513,105,9516,38,9517,47,9518,74,Underlying
49700,547,27,546,41,545,99,548,28,549,50,550,87,Call
49700,1056,44,1055,83,1054,120,1057,40,1058,59,1059,127,Put
49700,9485,32,9484,44,9483,45,9486,26,9487,38,9488,55,Underlying
49800,580,28,579,72,578,123,581,29,582,58,583,106,Call
49800,1016,30,1015,37,1014,64,1017,23,1018,35,1019,74,Put
49800,9565,48,9564,55,9563,95,9566,54,9567,68,9568,99,Underlying
49900,548,31,547,48,546,64,549,38,550,46,551,79,Call
49900,1051,50,1050,76,1049,171,1052,56,1053,82,1054,130,Put
49900,9500,37,9499,56,9498,68,9501,33,9502,44,9503,73,Underlying
50000,559,24,558,39,557,41,560,34,561,31,562,37,Call
50000,1034,31,1033,58,1032,97,1035,29,1036,60,1037,105,Put
50000,9528,42,9527,61,9526,114,9529,44,9530,74,9531,109,Underlying
50100,561,30,560,39,559,55,562,27,563,32,564,54,Call
50100,1039,48,1038,67,1037,144,1040,45,1041,84,1042,127,Put
50100,9523,24,9522,40,9521,48,9524,23,9525,36,9526,64,Underlying
50200,496,38,495,45,494,78,497,35,498,50,499,55,Call
50200,1126,28,1125,49,1124,87,1127,21,1128,50,1129,69,Put
50200,9370,41,9369,91,9368,134,9371,47,9372,76,9373,170,Underlying
50300,518,39,517,57,516,122,519,43,520,80,521,123,Call
50300,1095,26,1094,50,1093,106,1096,25,1097,53,1098,110,Put
50300,9424,48,9423,70,9422,142,9425,39,9426,74,9427,157,Underlying
50400,535,28,534,58,533,75,536,24,537,48,538,88,Call
50400,1073,27,1072,54,1071,102,1074,28,1075,57,1076,75,Put
50400,9460,51,9459,102,9458,190,9461,54,9462,84,9463,164,Underlying
50500,524,33,523,68,522,119,525,40,526,68,527,98,Call
50500,1087,36,1086,42,1085,54,1088,29,1089,37,1090,51,Put
50500,9437,44,9436,51,9435,91,9438,35,9439,72,9440,99,Underlying
50600,571,34,570,60,569,148,572,49,573,80,574,119,Call
50600,1025,23,1024,39,1023,38,1026,28,1027,37,1028,38,Put
50600,9542,38,9541,83,9540,121,9543,38,9544,59,9545,129,Underlying
50700,565,41,564,64,563,96,566,37,567,74,568,108,Call
50700,1028,28,1027,50,1026,129,1029,30,1030,60,1031,114,Put
50700,9536,41,9535,66,9534,110,9537,37,9538,78,9539,100,Underlying
50800,582,42,581,49,580,88,583,38,584,54,585,73,Call
50800,1012,26,1011,53,1010,93,1013,27,1014,54,1015,98,Put
50800,9571,29,9570,45,9569,67,9572,36,9573,50,9574,61,Underlying
50900,620,40,619,35,618,63,621,29,622,38,623,50,Call
50900,969,25,968,51,967,86,970,27,971,41,972,87,Put
50900,9649,43,9648,76,9647,121,9650,48,9651,71,9652,148,Underlying
51000,615,38,614,48,613,75,616,41,617,42,618,82,Call
51000,974,50,973,92,972,191,975,47,976,100,977,158,Put
51000,9642,30,9641,49,9640,92,9643,36,9644,65,9645,108,Underlying
51100,564,28,563,29,562,54,565,30,566,30,567,53,Call
51100,1037,33,1036,58,1035,102,1038,45,1039,76,1040,107,Put
51100,9528,29,9527,45,9526,77,9529,32,9530,55,9531,76,Underlying
51200,548,34,547,54,546,107,549,30,550,62,551,124,Call
51200,1057,46,1056,72,1055,110,1058,48,1059,82,1060,105,Put
51200,9491,56,9490,94,9489,189,9492,42,9493,88,9494,184,Underlying
51300,553,42,552,67,551,72,554,41,555,68,556,94,Call
51300,1047,32,1046,60,1045,115,1048,35,1049,66,1050,149,Put
51300,9505,33,9504,43,9503,36,9506,33,9507,40,9508,41,Underlying
51400,598,32,597,55,596,131,599,34,600,70,601,120,Call
51400,997,35,996,61,995,111,998,42,999,58,1000,94,Put
51400,9599,33,9598,56,9597,119,9600,31,9601,63,9602,113,Underlying
51500,550,30,549,57,548,74,551,32,552,50,553,85,Call
51500,1050,20,1049,38,1048,65,1051,26,1052,36,1053,74,Put
51500,9496,47,9495,74,9494,105,9497,44,9498,56,9499,89,Underlying
51600,560,47,559,85,558,135,561,46,562,69,563,121,Call
51600,1041,38,1040,60,1039,84,1042,31,1043,58,1044,80,Put
51600,9522,43,9521,71,9520,80,9523,35,9524,59,9525,106,Underlying
51700,563,23,562,31,561,39,564,23,565,37,566,48,Call
51700,1038,46,1037,60,1036,68,1039,46,1040,58,1041,76,Put
51700,9523,35,9522,62,9521,86,9524,45,9525,62,9526,82,Underlying
51800,535,50,534,71,533,118,536,42,537,61,538,131,Call
51800,1071,37,1070,46,1069,70,1072,39,1073,51,1074,89,Put
51800,9459,49,9458,55,9457,88,9460,38,9461,79,9462,99,Underlying
51900,514,26,513,35,512,37,515,36,516,37,517,46,Call
51900,1102,53,1101,92,1100,117,1103,43,1104,69,1105,151,Put
51900,9412,24,9411,53,9410,97,9413,27,9414,54,9415,95,Underlying
52000,538,39,537,52,536,90,539,55,540,56,541,91,Call
52000,1070,38,1069,65,1068,138,1071,44,1072,64,1073,171,Put
52000,9465,38,9464,74,9463,115,9466,39,9467,63,9468,122,Underlying
52100,513,29,512,47,511,70,514,28,515,52,516,81,Call
52100,1103,21,1102,39,1101,77,1104,23,1105,45,1106,66,Put
52100,9413,41,9412,58,9411,93,9414,40,9415,54,9416,96,Underlying
52200,554,33,553,59,552,119,555,34,556,56,557,93,Call
52200,1049,33,1048,53,1047,105,1050,36,1051,60,1052,95,Put
52200,9504,34,9503,46,9502,53,9505,41,9506,48,9507,48,Underlying
52300,552,45,551,77,550,105,553,33,554,71,555,139,Call
52300,1052,22,1051,46,1050,104,1053,26,1054,48,1055,76,Put
52300,9499,34,9498,69,9497,99,9500,32,9501,72,9502,87,Underlying
52400,537,41,536,68,535,66,538,48,539,61,540,83,Call
52400,1072,31,1071,51,1070,105,1073,32,1074,61,1075,107,Put
52400,9460,52,9459,56,9458,85,9461,46,9462,66,9463,78,Underlying
52500,504,40,503,82,502,167,505,45,506,87,507,177,Call
52500,1115,38,1114,75,1113,138,1116,33,1117,64,1118,101,Put
52500,9390,39,9389,61,9388,154,9391,45,9392,79,9393,119,Underlying
52600,513,49,512,60,511,89,514,42,515,46,516,82,Call
52600,1104,36,1103,79,1102,154,1105,48,1106,91,1107,122,Put
52600,9408,55,9407,59,9406,87,9409,42,9410,56,9411,106,Underlying
52700,479,49,478,78,477,91,480,48,481,72,482,111,Call
52700,1148,36,1147,69,1146,88,1149,50,1150,72,1151,97,Put
52700,9332,27,9331,44,9330,100,9333,29,9334,55,9335,92,Underlying
52800,517,20,516,50,515,101,518,25,519,46,520,76,Call
52800,1096,50,1095,83,1094,176,1097,51,1098,81,1099,152,Put
52800,9420,30,9419,53,9418,79,9421,34,9422,52,9423,68,Underlying
52900,492,29,491,41,490,81,493,39,494,54,495,80,Call
52900,1133,32,1132,50,1131,94,1134,26,1135,49,1136,99,Put
52900,9359,26,9358,26,9357,48,9360,28,9361,37,9362,41,Underlying
53000,478,44,477,57,476,72,479,42,480,59,481,86,Call
53000,1151,36,1150,70,1149,88,1152,40,1153,65,1154,109,Put
53000,9326,31,9325,58,9324,127,9327,31,9328,50,9329,112,Underlying
53100,521,44,520,91,519,127,522,39,523,77,524,118,Call
53100,1092,35,1091,54,1090,111,1093,27,1094,63,1095,76,Put
53100,9426,42,9425,60,9424,79,9427,36,9428,69,9429,79,Underlying
53200,551,36,550,59,549,89,552,36,553,66,554,92,Call
53200,1050,48,1049,63,1048,104,1051,43,1052,54,1053,84,Put
53200,9503,37,9502,82,9501,145,9504,45,9505,73,9506,107,Underlying
53300,599,39,598,57,597,83,600,54,601,56,602,86,Call
53300,987,30,986,57,985,74,988,27,989,46,990,101,Put
53300,9611,33,9610,49,9609,74,9612,28,9613,47,9614,54,Underlying
53400,615,39,614,43,613,64,616,36,617,54,618,64,Call
53400,974,35,973,65,972,113,975,36,976,54,977,101,Put
53400,9639,33,9638,61,9637,99,9640,34,9641,49,9642,93,Underlying
53500,573,42,572,74,571,126,574,38,575,55,576,104,Call
53500,1021,35,1020,79,1019,139,1022,45,1023,93,1024,171,Put
53500,9549,36,9548,62,9547,88,9550,39,9551,57,9552,90,Underlying
53600,540,47,539,60,538,85,541,42,542,72,543,93,Call
53600,1065,44,1064,74,1063,149,1066,51,1067,78,1068,121,Put
53600,9475,32,9474,56,9473,79,9476,40,9477,52,9478,76,Underlying
53700,507,31,506,36,505,44,508,32,509,33,510,50,Call
53700,1112,51,1111,88,1110,156,1113,55,1114,97,1115,177,Put
53700,9396,42,9395,68,9394,77,9397,39,9398,75,9399,77,Underlying
53800,494,46,493,79,492,140,495,52,496,66,497,114,Call
53800,1124,39,1123,67,1122,102,1125,31,1126,60,1127,82,Put
53800,9374,35,9373,66,9372,135,9375,44,9376,78,9377,123,Underlying
53900,492,26,491,42,490,75,493,29,494,50,495,71,Call
53900,1131,32,1130,38,1129,68,1132,30,1133,53,1134,83,Put
53900,9363,44,9362,95,9361,138,9364,49,9365,97,9366,146,Underlying
54000,525,35,524,49,523,62,526,40,527,54,528,67,Call
54000,1086,29,1085,41,1084,93,1087,29,1088,47,1089,73,Put
54000,9438,34,9437,59,9436,122,9439,40,9440,66,9441,125,Underlying
54100,529,31,528,62,527,91,530,28,531,54,532,94,Call
54100,1076,42,1075,87,1074,140,1077,45,1078,72,1079,105,Put
54100,9455,38,9454,67,9453,97,9456,36,9457,55,9458,84,Underlying
54200,527,38,526,85,525,152,528,31,529,80,530,132,Call
54200,1083,52,1082,79,1081,176,1084,50,1085,82,1086,194,Put
54200,9443,40,9442,65,9441,105,9444,52,9445,67,9446,96,Underlying
54300,529,35,528,41,527,48,530,30,531,35,532,53,Call
54300,1081,39,1080,65,1079,78,1082,42,1083,57,1084,106,Put
54300,9448,24,9447,44,9446,83,9449,25,9450,38,9451,75,Underlying
54400,537,40,536,89,535,137,538,49,539,78,540,190,Call
54400,1071,43,1070,57,1069,70,1072,36,1073,65,1074,65,Put
54400,9463,25,9462,39,9461,44,9464,26,9465,41,9466,45,Underlying
54500,558,25,557,32,556,47,559,30,560,45,561,53,Call
54500,1042,24,1041,41,1040,46,1043,30,1044,34,1045,63,Put
54500,9509,38,9508,57,9507,109,9510,38,9511,64,9512,90,Underlying
54600,559,36,558,60,557,95,560,35,561,45,562,98,Call
54600,1044,21,1043,34,1042,53,1045,20,1046,33,1047,43,Put
54600,9516,44,9515,49,9514,65,9517,41,9518,45,9519,79,Underlying
54700,565,43,564,76,563,103,566,35,567,75,568,109,Call
54700,1034,37,1033,63,1032,82,1035,41,1036,72,1037,102,Put
54700,9533,35,9532,44,9531,86,9534,26,9535,46,9536,97,Underlying
54800,544,42,543,62,542,68,545,56,546,64,547,80,Call
54800,1056,57,1055,76,1054,119,1057,42,1058,80,1059,139,Put
54800,9492,58,9491,77,9490,100,9493,54,9494,80,9495,107,Underlying
54900,544,37,543,61,542,120,545,34,546,56,547,116,Call
54900,1061,34,1060,66,1059,161,1062,42,1063,76,1064,129,Put
54900,9482,31,9481,62,9480,101,9483,33,9484,61,9485,103,Underlying
55000,542,43,541,73,540,145,543,51,544,89,545,125,Call
55000,1064,31,1063,66,1062,132,1065,32,1066,70,1067,100,Put
55000,9476,44,9475,81,9474,137,9477,45,9478,76,9479,135,Underlying
55100,542,33,541,36,540,68,543,25,544,37,545,65,Call
55100,1064,41,1063,61,1062,60,1065,41,1066,52,1067,82,Put
55100,9479,40,9478,69,9477,97,9480,44,9481,75,9482,110,Underlying
55200,522,42,521,54,520,86,523,47,524,59,525,99,Call
55200,1090,45,1089,51,1088,56,1091,38,1092,51,1093,71,Put
55200,9432,36,9431,68,9430,87,9433,47,9434,68,9435,72,Underlying
55300,515,32,514,51,513,64,516,37,517,52,518,82,Call
55300,1094,37,1093,78,1092,170,1095,36,1096,97,1097,130,Put
55300,9423,30,9422,65,9421,134,9424,38,9425,52,9426,124,Underlying
55400,555,44,554,59,553,75,556,47,557,59,558,75,Call
55400,1046,44,1045,56,1044,149,1047,45,1048,69,1049,124,Put
55400,9508,40,9507,49,9506,89,9509,34,9510,55,9511,108,Underlying
55500,569,22,568,41,567,82,570,28,571,43,572,71,Call
55500,1024,43,1023,78,1022,140,1025,43,1026,83,1027,146,Put
